%% This BibTeX bibliography file was created using BibDesk.
%% http://bibdesk.sourceforge.net/


%% Created for Ryan Foltz at 2016-08-24 19:06:24 -0700 


%% Saved with string encoding Unicode (UTF-8) 



@article{Rykoff:2014aa,
	Adsnote = {Provided by the SAO/NASA Astrophysics Data System},
	Adsurl = {http://adsabs.harvard.edu/abs/2014ApJ...785..104R},
	Archiveprefix = {arXiv},
	Author = {{Rykoff}, E.~S. and {Rozo}, E. and {Busha}, M.~T. and {Cunha}, C.~E. and {Finoguenov}, A. and {Evrard}, A. and {Hao}, J. and {Koester}, B.~P. and {Leauthaud}, A. and {Nord}, B. and {Pierre}, M. and {Reddick}, R. and {Sadibekova}, T. and {Sheldon}, E.~S. and {Wechsler}, R.~H.},
	Date-Added = {2015-06-12 22:29:15 +0000},
	Date-Modified = {2015-06-12 22:29:15 +0000},
	Doi = {10.1088/0004-637X/785/2/104},
	Eid = {104},
	Eprint = {1303.3562},
	Journal = {\apj},
	Keywords = {galaxies: clusters: general},
	Month = apr,
	Pages = {104},
	Title = {{redMaPPer. I. Algorithm and SDSS DR8 Catalog}},
	Volume = 785,
	Year = 2014,
	Bdsk-Url-1 = {http://dx.doi.org/10.1088/0004-637X/785/2/104}}

@article{Rudnick:2012aa,
	Adsnote = {Provided by the SAO/NASA Astrophysics Data System},
	Adsurl = {http://adsabs.harvard.edu/abs/2012ApJ...755...14R},
	Archiveprefix = {arXiv},
	Author = {{Rudnick}, G.~H. and {Tran}, K.-V. and {Papovich}, C. and {Momcheva}, I. and {Willmer}, C.},
	Date-Added = {2015-06-12 00:16:45 +0000},
	Date-Modified = {2015-06-12 00:16:45 +0000},
	Doi = {10.1088/0004-637X/755/1/14},
	Eid = {14},
	Eprint = {1203.3541},
	Journal = {\apj},
	Keywords = {galaxies: clusters: general, galaxies: evolution, galaxies: formation, galaxies: high-redshift, galaxies: stellar content},
	Month = aug,
	Pages = {14},
	Title = {{A Tale of Dwarfs and Giants: Using a z = 1.62 Cluster to Understand How the Red Sequence Grew over the Last 9.5 Billion Years}},
	Volume = 755,
	Year = 2012,
	Bdsk-Url-1 = {http://dx.doi.org/10.1088/0004-637X/755/1/14}}

@article{Rettura:2010aa,
	Adsnote = {Provided by the SAO/NASA Astrophysics Data System},
	Adsurl = {http://adsabs.harvard.edu/abs/2010ApJ...709..512R},
	Archiveprefix = {arXiv},
	Author = {{Rettura}, A. and {Rosati}, P. and {Nonino}, M. and {Fosbury}, R.~A.~E. and {Gobat}, R. and {Menci}, N. and {Strazzullo}, V. and {Mei}, S. and {Demarco}, R. and {Ford}, H.~C.},
	Date-Added = {2015-06-04 23:29:13 +0000},
	Date-Modified = {2015-06-04 23:29:13 +0000},
	Doi = {10.1088/0004-637X/709/1/512},
	Eprint = {0806.4604},
	Journal = {\apj},
	Keywords = {cosmology: observations, galaxies: clusters: individual: RDCS1252.9{\ndash}2927, galaxies: elliptical and lenticular, cD, galaxies: evolution, galaxies: formation, galaxies: fundamental parameters, galaxies: high-redshift},
	Month = jan,
	Pages = {512-524},
	Title = {{Formation Epochs, Star Formation Histories, and Sizes of Massive Early-Type Galaxies in Cluster and Field Environments at z = 1.2: Insights from the Rest-Frame Ultraviolet}},
	Volume = 709,
	Year = 2010,
	Bdsk-Url-1 = {http://dx.doi.org/10.1088/0004-637X/709/1/512}}

@article{Gal:2008aa,
	Adsnote = {Provided by the SAO/NASA Astrophysics Data System},
	Adsurl = {http://adsabs.harvard.edu/abs/2008ApJ...684..933G},
	Archiveprefix = {arXiv},
	Author = {{Gal}, R.~R. and {Lemaux}, B.~C. and {Lubin}, L.~M. and {Kocevski}, D. and {Squires}, G.~K.},
	Date-Added = {2015-06-04 23:28:17 +0000},
	Date-Modified = {2015-06-04 23:28:17 +0000},
	Doi = {10.1086/590416},
	Eprint = {0803.3842},
	Journal = {\apj},
	Keywords = {Catalogs, Galaxies: Clusters: General, Cosmology: Large-Scale Structure of Universe, Surveys},
	Month = sep,
	Pages = {933-956},
	Title = {{The Complex Structure of the Cl 1604 Supercluster at z \~{} 0.9}},
	Volume = 684,
	Year = 2008,
	Bdsk-Url-1 = {http://dx.doi.org/10.1086/590416}}

@article{Holden:2006aa,
	Adsnote = {Provided by the SAO/NASA Astrophysics Data System},
	Adsurl = {http://adsabs.harvard.edu/abs/2006ApJ...642L.123H},
	Author = {{Holden}, B.~P. and {Franx}, M. and {Illingworth}, G.~D. and {Postman}, M. and {Blakeslee}, J.~P. and {Homeier}, N. and {Demarco}, R. and {Ford}, H.~C. and {Rosati}, P. and {Kelson}, D.~D. and {Tran}, K.-V.~H.},
	Date-Added = {2015-06-04 23:26:45 +0000},
	Date-Modified = {2015-06-04 23:26:45 +0000},
	Doi = {10.1086/504714},
	Eprint = {astro-ph/0603839},
	Journal = {\apjl},
	Keywords = {Galaxies: Clusters: General, Galaxies: Clusters: Individual: Alphanumeric: MS 1054.4-0321, galaxies: clusters: individual (Cl 0152.7-1357), Galaxies: Elliptical and Lenticular, cD, Galaxies: Evolution, Galaxies: Fundamental Parameters},
	Month = may,
	Pages = {L123-L126},
	Title = {{The Possible z=0.83 Precursors of z=0, M* Early-Type Cluster Galaxies}},
	Volume = 642,
	Year = 2006,
	Bdsk-Url-1 = {http://dx.doi.org/10.1086/504714}}

@article{Demarco:2007aa,
	Adsnote = {Provided by the SAO/NASA Astrophysics Data System},
	Adsurl = {http://adsabs.harvard.edu/abs/2007ApJ...663..164D},
	Author = {{Demarco}, R. and {Rosati}, P. and {Lidman}, C. and {Girardi}, M. and {Nonino}, M. and {Rettura}, A. and {Strazzullo}, V. and {van der Wel}, A. and {Ford}, H.~C. and {Mainieri}, V. and {Holden}, B.~P. and {Stanford}, S.~A. and {Blakeslee}, J.~P. and {Gobat}, R. and {Postman}, M. and {Tozzi}, P. and {Overzier}, R.~A. and {Zirm}, A.~W. and {Ben{\'{\i}}tez}, N. and {Homeier}, N.~L. and {Illingworth}, G.~D. and {Infante}, L. and {Jee}, M.~J. and {Mei}, S. and {Menanteau}, F. and {Motta}, V. and {Zheng}, W. and {Clampin}, M. and {Hartig}, G.},
	Date-Added = {2015-06-04 23:25:36 +0000},
	Date-Modified = {2015-06-04 23:25:36 +0000},
	Doi = {10.1086/518117},
	Eprint = {astro-ph/0703153},
	Journal = {\apj},
	Keywords = {Galaxies: Clusters: General, galaxies: clusters: individual (ClG J1252.9-2927)},
	Month = jul,
	Pages = {164-182},
	Title = {{VLT and ACS Observations of RDCS J1252.9-2927: Dynamical Structure and Galaxy Populations in a Massive Cluster at z = 1.237}},
	Volume = 663,
	Year = 2007,
	Bdsk-Url-1 = {http://dx.doi.org/10.1086/518117}}

@article{Demarco:2005aa,
	Adsnote = {Provided by the SAO/NASA Astrophysics Data System},
	Adsurl = {http://adsabs.harvard.edu/abs/2005A%26A...432..381D},
	Author = {{Demarco}, R. and {Rosati}, P. and {Lidman}, C. and {Homeier}, N.~L. and {Scannapieco}, E. and {Ben{\'{\i}}tez}, N. and {Mainieri}, V. and {Nonino}, M. and {Girardi}, M. and {Stanford}, S.~A. and {Tozzi}, P. and {Borgani}, S. and {Silk}, J. and {Squires}, G. and {Broadhurst}, T.~J.},
	Date-Added = {2015-06-04 23:24:20 +0000},
	Date-Modified = {2015-06-04 23:24:20 +0000},
	Doi = {10.1051/0004-6361:20041931},
	Eprint = {astro-ph/0411386},
	Journal = {\aap},
	Keywords = {galaxies: clusters: general, techniques: spectroscopic, X-ray: galaxies: clusters, galaxies: clusters: individual: RX J0152.7-1357},
	Month = mar,
	Pages = {381-394},
	Title = {{A VLT spectroscopic survey of RX J0152.7-1357, a forming cluster of galaxies at z = 0.837}},
	Volume = 432,
	Year = 2005,
	Bdsk-Url-1 = {http://dx.doi.org/10.1051/0004-6361:20041931}}

@article{Wylezalek:2013aa,
	Adsnote = {Provided by the SAO/NASA Astrophysics Data System},
	Adsurl = {http://adsabs.harvard.edu/abs/2013ApJ...769...79W},
	Archiveprefix = {arXiv},
	Author = {{Wylezalek}, D. and {Galametz}, A. and {Stern}, D. and {Vernet}, J. and {De Breuck}, C. and {Seymour}, N. and {Brodwin}, M. and {Eisenhardt}, P.~R.~M. and {Gonzalez}, A.~H. and {Hatch}, N. and {Jarvis}, M. and {Rettura}, A. and {Stanford}, S.~A. and {Stevens}, J.~A.},
	Date-Added = {2015-06-04 23:20:10 +0000},
	Date-Modified = {2015-06-04 23:20:10 +0000},
	Doi = {10.1088/0004-637X/769/1/79},
	Eid = {79},
	Eprint = {1304.0770},
	Journal = {\apj},
	Keywords = {galaxies: active, galaxies: clusters: general, galaxies: high-redshift, infrared: galaxies, techniques: photometric},
	Month = may,
	Pages = {79},
	Primaryclass = {astro-ph.CO},
	Title = {{Galaxy Clusters around Radio-loud Active Galactic Nuclei at 1.3 {\lt} z {\lt} 3.2 as Seen by Spitzer}},
	Volume = 769,
	Year = 2013,
	Bdsk-Url-1 = {http://dx.doi.org/10.1088/0004-637X/769/1/79}}

@article{Werner:2004aa,
	Adsnote = {Provided by the SAO/NASA Astrophysics Data System},
	Adsurl = {http://adsabs.harvard.edu/abs/2004ApJS..154....1W},
	Author = {{Werner}, M.~W. and {Roellig}, T.~L. and {Low}, F.~J. and {Rieke}, G.~H. and {Rieke}, M. and {Hoffmann}, W.~F. and {Young}, E. and {Houck}, J.~R. and {Brandl}, B. and {Fazio}, G.~G. and {Hora}, J.~L. and {Gehrz}, R.~D. and {Helou}, G. and {Soifer}, B.~T. and {Stauffer}, J. and {Keene}, J. and {Eisenhardt}, P. and {Gallagher}, D. and {Gautier}, T.~N. and {Irace}, W. and {Lawrence}, C.~R. and {Simmons}, L. and {Van Cleve}, J.~E. and {Jura}, M. and {Wright}, E.~L. and {Cruikshank}, D.~P.},
	Date-Added = {2015-05-08 20:40:25 +0000},
	Date-Modified = {2015-05-08 20:40:25 +0000},
	Doi = {10.1086/422992},
	Eprint = {astro-ph/0406223},
	Journal = {\apjs},
	Keywords = {Space Vehicles: Instruments, Telescopes},
	Month = sep,
	Pages = {1-9},
	Title = {{The Spitzer Space Telescope Mission}},
	Volume = 154,
	Year = 2004,
	Bdsk-Url-1 = {http://dx.doi.org/10.1086/422992}}

@article{Fazio:2004aa,
	Adsnote = {Provided by the SAO/NASA Astrophysics Data System},
	Adsurl = {http://adsabs.harvard.edu/abs/2004ApJS..154...10F},
	Author = {{Fazio}, G.~G. and {Hora}, J.~L. and {Allen}, L.~E. and {Ashby}, M.~L.~N. and {Barmby}, P. and {Deutsch}, L.~K. and {Huang}, J.-S. and {Kleiner}, S. and {Marengo}, M. and {Megeath}, S.~T. and {Melnick}, G.~J. and {Pahre}, M.~A. and {Patten}, B.~M. and {Polizotti}, J. and {Smith}, H.~A. and {Taylor}, R.~S. and {Wang}, Z. and {Willner}, S.~P. and {Hoffmann}, W.~F. and {Pipher}, J.~L. and {Forrest}, W.~J. and {McMurty}, C.~W. and {McCreight}, C.~R. and {McKelvey}, M.~E. and {McMurray}, R.~E. and {Koch}, D.~G. and {Moseley}, S.~H. and {Arendt}, R.~G. and {Mentzell}, J.~E. and {Marx}, C.~T. and {Losch}, P. and {Mayman}, P. and {Eichhorn}, W. and {Krebs}, D. and {Jhabvala}, M. and {Gezari}, D.~Y. and {Fixsen}, D.~J. and {Flores}, J. and {Shakoorzadeh}, K. and {Jungo}, R. and {Hakun}, C. and {Workman}, L. and {Karpati}, G. and {Kichak}, R. and {Whitley}, R. and {Mann}, S. and {Tollestrup}, E.~V. and {Eisenhardt}, P. and {Stern}, D. and {Gorjian}, V. and {Bhattacharya}, B. and {Carey}, S. and {Nelson}, B.~O. and {Glaccum}, W.~J. and {Lacy}, M. and {Lowrance}, P.~J. and {Laine}, S. and {Reach}, W.~T. and {Stauffer}, J.~A. and {Surace}, J.~A. and {Wilson}, G. and {Wright}, E.~L. and {Hoffman}, A. and {Domingo}, G. and {Cohen}, M.},
	Date-Added = {2015-05-08 20:39:17 +0000},
	Date-Modified = {2015-05-08 20:39:17 +0000},
	Doi = {10.1086/422843},
	Eprint = {astro-ph/0405616},
	Journal = {\apjs},
	Keywords = {Infrared: General, Instrumentation: Detectors, Space Vehicles: Instruments},
	Month = sep,
	Pages = {10-17},
	Title = {{The Infrared Array Camera (IRAC) for the Spitzer Space Telescope}},
	Volume = 154,
	Year = 2004,
	Bdsk-Url-1 = {http://dx.doi.org/10.1086/422843}}

@article{Merritt:1983aa,
	Adsnote = {Provided by the SAO/NASA Astrophysics Data System},
	Adsurl = {http://adsabs.harvard.edu/abs/1983ApJ...264...24M},
	Author = {{Merritt}, D.},
	Date-Added = {2015-05-08 20:37:41 +0000},
	Date-Modified = {2015-05-08 20:37:41 +0000},
	Doi = {10.1086/160571},
	Journal = {\apj},
	Keywords = {Astronomical Models, Galactic Clusters, Galactic Evolution, Galactic Structure, Mass Distribution, Cosmology, Fokker-Planck Equation, Mathematical Models, Tides},
	Month = jan,
	Pages = {24-48},
	Title = {{Relaxation and tidal stripping in rich clusters of galaxies. I. Evolution of the mass distribution}},
	Volume = 264,
	Year = 1983,
	Bdsk-Url-1 = {http://dx.doi.org/10.1086/160571}}

@article{Kauffmann:1993aa,
	Adsnote = {Provided by the SAO/NASA Astrophysics Data System},
	Adsurl = {http://adsabs.harvard.edu/abs/1993MNRAS.264..201K},
	Author = {{Kauffmann}, G. and {White}, S.~D.~M. and {Guiderdoni}, B.},
	Date-Added = {2015-05-08 20:33:32 +0000},
	Date-Modified = {2015-05-08 20:33:32 +0000},
	Journal = {\mnras},
	Month = sep,
	Pages = {201},
	Title = {{The Formation and Evolution of Galaxies Within Merging Dark Matter Haloes}},
	Volume = 264,
	Year = 1993}

@article{Larson:1980aa,
	Adsnote = {Provided by the SAO/NASA Astrophysics Data System},
	Adsurl = {http://adsabs.harvard.edu/abs/1980ApJ...237..692L},
	Author = {{Larson}, R.~B. and {Tinsley}, B.~M. and {Caldwell}, C.~N.},
	Date-Added = {2015-05-08 20:31:39 +0000},
	Date-Modified = {2015-05-08 20:31:39 +0000},
	Doi = {10.1086/157917},
	Journal = {\apj},
	Keywords = {Disk Galaxies, Galactic Evolution, Spiral Galaxies, Digital Simulation, Galactic Structure, Gas Evolution, Stellar Evolution, Stellar Magnitude},
	Month = may,
	Pages = {692-707},
	Title = {{The evolution of disk galaxies and the origin of S0 galaxies}},
	Volume = 237,
	Year = 1980,
	Bdsk-Url-1 = {http://dx.doi.org/10.1086/157917}}

@article{Moore:1996aa,
	Adsnote = {Provided by the SAO/NASA Astrophysics Data System},
	Adsurl = {http://adsabs.harvard.edu/abs/1996Natur.379..613M},
	Author = {{Moore}, B. and {Katz}, N. and {Lake}, G. and {Dressler}, A. and {Oemler}, A.},
	Date-Added = {2015-05-08 20:30:36 +0000},
	Date-Modified = {2015-05-08 20:30:36 +0000},
	Doi = {10.1038/379613a0},
	Eprint = {astro-ph/9510034},
	Journal = {\nat},
	Month = feb,
	Pages = {613-616},
	Title = {{Galaxy harassment and the evolution of clusters of galaxies}},
	Volume = 379,
	Year = 1996,
	Bdsk-Url-1 = {http://dx.doi.org/10.1038/379613a0}}

@article{Quilis:2000aa,
	Adsnote = {Provided by the SAO/NASA Astrophysics Data System},
	Adsurl = {http://adsabs.harvard.edu/abs/2000Sci...288.1617Q},
	Author = {{Quilis}, V. and {Moore}, B. and {Bower}, R.},
	Date-Added = {2015-05-08 20:30:09 +0000},
	Date-Modified = {2015-05-08 20:30:09 +0000},
	Doi = {10.1126/science.288.5471.1617},
	Eprint = {astro-ph/0006031},
	Journal = {Science},
	Month = jun,
	Pages = {1617-1620},
	Title = {{Gone with the Wind: The Origin of S0 Galaxies in Clusters}},
	Volume = 288,
	Year = 2000,
	Bdsk-Url-1 = {http://dx.doi.org/10.1126/science.288.5471.1617}}

@article{Gunn:1972aa,
	Adsnote = {Provided by the SAO/NASA Astrophysics Data System},
	Adsurl = {http://adsabs.harvard.edu/abs/1972ApJ...176....1G},
	Author = {{Gunn}, J.~E. and {Gott}, III, J.~R.},
	Date-Added = {2015-05-08 20:29:32 +0000},
	Date-Modified = {2015-05-08 20:29:32 +0000},
	Doi = {10.1086/151605},
	Journal = {\apj},
	Month = aug,
	Pages = {1},
	Title = {{On the Infall of Matter Into Clusters of Galaxies and Some Effects on Their Evolution}},
	Volume = 176,
	Year = 1972,
	Bdsk-Url-1 = {http://dx.doi.org/10.1086/151605}}

@article{Toomre:1972aa,
	Adsnote = {Provided by the SAO/NASA Astrophysics Data System},
	Adsurl = {http://adsabs.harvard.edu/abs/1972ApJ...178..623T},
	Author = {{Toomre}, A. and {Toomre}, J.},
	Date-Added = {2015-05-08 20:28:31 +0000},
	Date-Modified = {2015-05-08 20:28:31 +0000},
	Doi = {10.1086/151823},
	Journal = {\apj},
	Month = dec,
	Pages = {623-666},
	Title = {{Galactic Bridges and Tails}},
	Volume = 178,
	Year = 1972,
	Bdsk-Url-1 = {http://dx.doi.org/10.1086/151823}}

@article{Gonzalez:2007aa,
	Adsnote = {Provided by the SAO/NASA Astrophysics Data System},
	Adsurl = {http://adsabs.harvard.edu/abs/2007ApJ...666..147G},
	Archiveprefix = {arXiv},
	Author = {{Gonzalez}, A.~H. and {Zaritsky}, D. and {Zabludoff}, A.~I.},
	Date-Added = {2015-05-08 19:24:11 +0000},
	Date-Modified = {2015-05-08 19:24:11 +0000},
	Doi = {10.1086/519729},
	Eprint = {0705.1726},
	Journal = {\apj},
	Keywords = {Galaxies: Clusters: General, Galaxies: Elliptical and Lenticular, cD, Galaxies: Evolution, Galaxies: Formation, Galaxies: Fundamental Parameters},
	Month = sep,
	Pages = {147-155},
	Title = {{A Census of Baryons in Galaxy Clusters and Groups}},
	Volume = 666,
	Year = 2007,
	Bdsk-Url-1 = {http://dx.doi.org/10.1086/519729}}

@article{Wetzel:2013aa,
	Adsnote = {Provided by the SAO/NASA Astrophysics Data System},
	Adsurl = {http://adsabs.harvard.edu/abs/2013MNRAS.432..336W},
	Archiveprefix = {arXiv},
	Author = {{Wetzel}, A.~R. and {Tinker}, J.~L. and {Conroy}, C. and {van den Bosch}, F.~C.},
	Date-Added = {2015-05-08 03:58:28 +0000},
	Date-Modified = {2015-05-08 03:58:28 +0000},
	Doi = {10.1093/mnras/stt469},
	Eprint = {1206.3571},
	Journal = {\mnras},
	Keywords = {methods: numerical, galaxies: clusters: general, galaxies: evolution, galaxies: groups: general, galaxies: haloes, galaxies: star formation},
	Month = jun,
	Pages = {336-358},
	Primaryclass = {astro-ph.CO},
	Title = {{Galaxy evolution in groups and clusters: satellite star formation histories and quenching time-scales in a hierarchical Universe}},
	Volume = 432,
	Year = 2013,
	Bdsk-Url-1 = {http://dx.doi.org/10.1093/mnras/stt469}}

@article{Bahe:2013aa,
	Adsnote = {Provided by the SAO/NASA Astrophysics Data System},
	Adsurl = {http://adsabs.harvard.edu/abs/2013MNRAS.430.3017B},
	Archiveprefix = {arXiv},
	Author = {{Bah{\'e}}, Y.~M. and {McCarthy}, I.~G. and {Balogh}, M.~L. and {Font}, A.~S.},
	Date-Added = {2015-05-08 03:58:19 +0000},
	Date-Modified = {2015-05-08 03:58:19 +0000},
	Doi = {10.1093/mnras/stt109},
	Eprint = {1210.8407},
	Journal = {\mnras},
	Keywords = {galaxies: clusters: general, galaxies: evolution, galaxies: haloes, galaxies: interactions, intergalactic medium, galaxies: ISM},
	Month = apr,
	Pages = {3017-3031},
	Primaryclass = {astro-ph.CO},
	Title = {{Why does the environmental influence on group and cluster galaxies extend beyond the virial radius?}},
	Volume = 430,
	Year = 2013,
	Bdsk-Url-1 = {http://dx.doi.org/10.1093/mnras/stt109}}

@article{De-Lucia:2012aa,
	Adsnote = {Provided by the SAO/NASA Astrophysics Data System},
	Adsurl = {http://adsabs.harvard.edu/abs/2012MNRAS.423.1277D},
	Archiveprefix = {arXiv},
	Author = {{De Lucia}, G. and {Weinmann}, S. and {Poggianti}, B.~M. and {Arag{\'o}n-Salamanca}, A. and {Zaritsky}, D.},
	Date-Added = {2015-05-08 03:58:11 +0000},
	Date-Modified = {2015-05-08 03:58:11 +0000},
	Doi = {10.1111/j.1365-2966.2012.20983.x},
	Eprint = {1111.6590},
	Journal = {\mnras},
	Keywords = {galaxies: clusters: general, galaxies: evolution, galaxies: formation},
	Month = jun,
	Pages = {1277-1292},
	Primaryclass = {astro-ph.CO},
	Title = {{The environmental history of group and cluster galaxies in a {$\Lambda$} cold dark matter universe}},
	Volume = 423,
	Year = 2012,
	Bdsk-Url-1 = {http://dx.doi.org/10.1111/j.1365-2966.2012.20983.x}}

@article{McGee:2009aa,
	Adsnote = {Provided by the SAO/NASA Astrophysics Data System},
	Adsurl = {http://adsabs.harvard.edu/abs/2009MNRAS.400..937M},
	Archiveprefix = {arXiv},
	Author = {{McGee}, S.~L. and {Balogh}, M.~L. and {Bower}, R.~G. and {Font}, A.~S. and {McCarthy}, I.~G.},
	Date-Added = {2015-05-08 03:58:01 +0000},
	Date-Modified = {2015-05-08 03:58:01 +0000},
	Doi = {10.1111/j.1365-2966.2009.15507.x},
	Eprint = {0908.0750},
	Journal = {\mnras},
	Keywords = {galaxies: clusters: general , galaxies: evolution , galaxies: formation},
	Month = dec,
	Pages = {937-950},
	Primaryclass = {astro-ph.CO},
	Title = {{The accretion of galaxies into groups and clusters}},
	Volume = 400,
	Year = 2009,
	Bdsk-Url-1 = {http://dx.doi.org/10.1111/j.1365-2966.2009.15507.x}}

@article{Berrier:2009aa,
	Adsnote = {Provided by the SAO/NASA Astrophysics Data System},
	Adsurl = {http://adsabs.harvard.edu/abs/2009ApJ...690.1292B},
	Archiveprefix = {arXiv},
	Author = {{Berrier}, J.~C. and {Stewart}, K.~R. and {Bullock}, J.~S. and {Purcell}, C.~W. and {Barton}, E.~J. and {Wechsler}, R.~H.},
	Date-Added = {2015-05-08 03:56:08 +0000},
	Date-Modified = {2015-05-08 03:56:08 +0000},
	Doi = {10.1088/0004-637X/690/2/1292},
	Eprint = {0804.0426},
	Journal = {\apj},
	Keywords = {cosmology: theory, galaxies: evolution, galaxies: formation, galaxies: high-redshift, galaxies: interactions, galaxies: statistics, large-scale structure of universe},
	Month = jan,
	Pages = {1292-1302},
	Title = {{The Assembly of Galaxy Clusters}},
	Volume = 690,
	Year = 2009,
	Bdsk-Url-1 = {http://dx.doi.org/10.1088/0004-637X/690/2/1292}}

@article{Rozo:2014aa,
	Adsnote = {Provided by the SAO/NASA Astrophysics Data System},
	Adsurl = {http://adsabs.harvard.edu/abs/2014ApJ...783...80R},
	Archiveprefix = {arXiv},
	Author = {{Rozo}, E. and {Rykoff}, E.~S.},
	Date-Added = {2015-05-04 20:29:05 +0000},
	Date-Modified = {2015-05-04 20:29:05 +0000},
	Doi = {10.1088/0004-637X/783/2/80},
	Eid = {80},
	Eprint = {1303.3373},
	Journal = {\apj},
	Keywords = {galaxies: clusters: general},
	Month = mar,
	Pages = {80},
	Primaryclass = {astro-ph.CO},
	Title = {{redMaPPer II: X-Ray and SZ Performance Benchmarks for the SDSS Catalog}},
	Volume = 783,
	Year = 2014,
	Bdsk-Url-1 = {http://dx.doi.org/10.1088/0004-637X/783/2/80}}

@article{Schaye:2015aa,
	Adsnote = {Provided by the SAO/NASA Astrophysics Data System},
	Adsurl = {http://adsabs.harvard.edu/abs/2015MNRAS.446..521S},
	Archiveprefix = {arXiv},
	Author = {{Schaye}, J. and {Crain}, R.~A. and {Bower}, R.~G. and {Furlong}, M. and {Schaller}, M. and {Theuns}, T. and {Dalla Vecchia}, C. and {Frenk}, C.~S. and {McCarthy}, I.~G. and {Helly}, J.~C. and {Jenkins}, A. and {Rosas-Guevara}, Y.~M. and {White}, S.~D.~M. and {Baes}, M. and {Booth}, C.~M. and {Camps}, P. and {Navarro}, J.~F. and {Qu}, Y. and {Rahmati}, A. and {Sawala}, T. and {Thomas}, P.~A. and {Trayford}, J.},
	Date-Added = {2015-04-30 19:03:23 +0000},
	Date-Modified = {2015-04-30 19:03:23 +0000},
	Doi = {10.1093/mnras/stu2058},
	Eprint = {1407.7040},
	Journal = {\mnras},
	Keywords = {methods: numerical, galaxies: evolution, galaxies: formation, cosmology: theory},
	Month = jan,
	Pages = {521-554},
	Title = {{The EAGLE project: simulating the evolution and assembly of galaxies and their environments}},
	Volume = 446,
	Year = 2015,
	Bdsk-Url-1 = {http://dx.doi.org/10.1093/mnras/stu2058}}

@article{Gonzalez:2013aa,
	Adsnote = {Provided by the SAO/NASA Astrophysics Data System},
	Adsurl = {http://adsabs.harvard.edu/abs/2013ApJ...778...14G},
	Archiveprefix = {arXiv},
	Author = {{Gonzalez}, A.~H. and {Sivanandam}, S. and {Zabludoff}, A.~I. and {Zaritsky}, D.},
	Date-Added = {2015-04-30 18:56:46 +0000},
	Date-Modified = {2015-04-30 18:56:46 +0000},
	Doi = {10.1088/0004-637X/778/1/14},
	Eid = {14},
	Eprint = {1309.3565},
	Journal = {\apj},
	Keywords = {galaxies: clusters: general, galaxies: elliptical and lenticular, cD, galaxies: evolution, galaxies: formation, galaxies: fundamental parameters, X-rays: galaxies: clusters},
	Month = nov,
	Pages = {14},
	Primaryclass = {astro-ph.CO},
	Title = {{Galaxy Cluster Baryon Fractions Revisited}},
	Volume = 778,
	Year = 2013,
	Bdsk-Url-1 = {http://dx.doi.org/10.1088/0004-637X/778/1/14}}

@article{Dvorkin:2015aa,
	Adsnote = {Provided by the SAO/NASA Astrophysics Data System},
	Adsurl = {http://adsabs.harvard.edu/abs/2015MNRAS.450..896D},
	Archiveprefix = {arXiv},
	Author = {{Dvorkin}, I. and {Rephaeli}, Y.},
	Date-Added = {2015-04-30 18:56:30 +0000},
	Date-Modified = {2015-04-30 18:56:30 +0000},
	Doi = {10.1093/mnras/stv644},
	Eprint = {1406.3709},
	Journal = {\mnras},
	Keywords = {galaxies: clusters: general, galaxies: clusters: intracluster medium},
	Month = jun,
	Pages = {896-904},
	Title = {{Evolution of the gas mass fraction in galaxy clusters}},
	Volume = 450,
	Year = 2015,
	Bdsk-Url-1 = {http://dx.doi.org/10.1093/mnras/stv644}}

@article{Blumenthal:1984aa,
	Adsnote = {Provided by the SAO/NASA Astrophysics Data System},
	Adsurl = {http://adsabs.harvard.edu/abs/1984Natur.311..517B},
	Author = {{Blumenthal}, G.~R. and {Faber}, S.~M. and {Primack}, J.~R. and {Rees}, M.~J.},
	Date-Added = {2015-04-25 01:16:44 +0000},
	Date-Modified = {2015-04-25 01:16:44 +0000},
	Doi = {10.1038/311517a0},
	Journal = {\nat},
	Keywords = {Dark Matter, Galactic Evolution, Galactic Structure, Matter (Physics), Universe, Astronomical Models, Baryons, Galactic Clusters, Globular Clusters},
	Month = oct,
	Pages = {517-525},
	Title = {{Formation of galaxies and large-scale structure with cold dark matter}},
	Volume = 311,
	Year = 1984,
	Bdsk-Url-1 = {http://dx.doi.org/10.1038/311517a0}}

@article{Bardeen:1983aa,
	Adsnote = {Provided by the SAO/NASA Astrophysics Data System},
	Adsurl = {http://adsabs.harvard.edu/abs/1983PhRvD..28..679B},
	Author = {{Bardeen}, J.~M. and {Steinhardt}, P.~J. and {Turner}, M.~S.},
	Date-Added = {2015-04-25 01:13:44 +0000},
	Date-Modified = {2015-04-25 01:13:44 +0000},
	Doi = {10.1103/PhysRevD.28.679},
	Journal = {\prd},
	Month = aug,
	Pages = {679-693},
	Title = {{Spontaneous creation of almost scale-free density perturbations in an inflationary universe}},
	Volume = 28,
	Year = 1983,
	Bdsk-Url-1 = {http://dx.doi.org/10.1103/PhysRevD.28.679}}

@article{Whitaker:2011aa,
	Adsnote = {Provided by the SAO/NASA Astrophysics Data System},
	Adsurl = {http://adsabs.harvard.edu/abs/2011ApJ...735...86W},
	Archiveprefix = {arXiv},
	Author = {{Whitaker}, K.~E. and {Labb{\'e}}, I. and {van Dokkum}, P.~G. and {Brammer}, G. and {Kriek}, M. and {Marchesini}, D. and {Quadri}, R.~F. and {Franx}, M. and {Muzzin}, A. and {Williams}, R.~J. and {Bezanson}, R. and {Illingworth}, G.~D. and {Lee}, K.-S. and {Lundgren}, B. and {Nelson}, E.~J. and {Rudnick}, G. and {Tal}, T. and {Wake}, D.~A.},
	Date-Added = {2015-04-24 23:24:24 +0000},
	Date-Modified = {2015-04-24 23:24:24 +0000},
	Doi = {10.1088/0004-637X/735/2/86},
	Eid = {86},
	Eprint = {1105.4609},
	Journal = {\apj},
	Keywords = {catalogs, galaxies: distances and redshifts, galaxies: high-redshift, surveys},
	Month = jul,
	Pages = {86},
	Primaryclass = {astro-ph.CO},
	Title = {{The NEWFIRM Medium-band Survey: Photometric Catalogs, Redshifts, and the Bimodal Color Distribution of Galaxies out to z \~{} 3}},
	Volume = 735,
	Year = 2011,
	Bdsk-Url-1 = {http://dx.doi.org/10.1088/0004-637X/735/2/86}}

@article{Poggianti:1999aa,
	Adsnote = {Provided by the SAO/NASA Astrophysics Data System},
	Adsurl = {http://adsabs.harvard.edu/abs/1999ApJ...518..576P},
	Author = {{Poggianti}, B.~M. and {Smail}, I. and {Dressler}, A. and {Couch}, W.~J. and {Barger}, A.~J. and {Butcher}, H. and {Ellis}, R.~S. and {Oemler}, Jr., A.},
	Date-Added = {2015-04-23 00:23:15 +0000},
	Date-Modified = {2015-04-23 00:23:15 +0000},
	Doi = {10.1086/307322},
	Eprint = {astro-ph/9901264},
	Journal = {\apj},
	Keywords = {GALAXIES: CLUSTERS: GENERAL, GALAXIES: EVOLUTION, GALAXIES: FUNDAMENTAL PARAMETERS, GALAXIES: STELLAR CONTENT, Galaxies: Clusters: General, Galaxies: Evolution, Galaxies: Fundamental Parameters, Galaxies: Stellar Content},
	Month = jun,
	Pages = {576-593},
	Title = {{The Star Formation Histories of Galaxies in Distant Clusters}},
	Volume = 518,
	Year = 1999,
	Bdsk-Url-1 = {http://dx.doi.org/10.1086/307322}}

@article{Gnedin:2004aa,
	Adsnote = {Provided by the SAO/NASA Astrophysics Data System},
	Adsurl = {http://adsabs.harvard.edu/abs/2004ApJ...616...16G},
	Author = {{Gnedin}, O.~Y. and {Kravtsov}, A.~V. and {Klypin}, A.~A. and {Nagai}, D.},
	Date-Added = {2015-04-23 00:07:58 +0000},
	Date-Modified = {2015-04-23 00:07:58 +0000},
	Doi = {10.1086/424914},
	Eprint = {astro-ph/0406247},
	Journal = {\apj},
	Keywords = {Cosmology: Theory, Cosmology: Dark Matter, Galaxies: Formation, Galaxies: Halos, Methods: Numerical},
	Month = nov,
	Pages = {16-26},
	Title = {{Response of Dark Matter Halos to Condensation of Baryons: Cosmological Simulations and Improved Adiabatic Contraction Model}},
	Volume = 616,
	Year = 2004,
	Bdsk-Url-1 = {http://dx.doi.org/10.1086/424914}}

@article{Rudd:2008aa,
	Adsnote = {Provided by the SAO/NASA Astrophysics Data System},
	Adsurl = {http://adsabs.harvard.edu/abs/2008ApJ...672...19R},
	Author = {{Rudd}, D.~H. and {Zentner}, A.~R. and {Kravtsov}, A.~V.},
	Date-Added = {2015-04-22 23:57:38 +0000},
	Date-Modified = {2015-04-22 23:57:38 +0000},
	Doi = {10.1086/523836},
	Eprint = {astro-ph/0703741},
	Journal = {\apj},
	Keywords = {Cosmology: Theory, Galaxies: Clusters: General, Galaxies: Evolution, Methods: Numerical},
	Month = jan,
	Pages = {19-32},
	Title = {{Effects of Baryons and Dissipation on the Matter Power Spectrum}},
	Volume = 672,
	Year = 2008,
	Bdsk-Url-1 = {http://dx.doi.org/10.1086/523836}}

@article{Balogh:1999aa,
	Adsnote = {Provided by the SAO/NASA Astrophysics Data System},
	Adsurl = {http://adsabs.harvard.edu/abs/1999ApJ...527...54B},
	Author = {{Balogh}, M.~L. and {Morris}, S.~L. and {Yee}, H.~K.~C. and {Carlberg}, R.~G. and {Ellingson}, E.},
	Date-Added = {2015-04-22 23:48:52 +0000},
	Date-Modified = {2015-04-22 23:48:52 +0000},
	Doi = {10.1086/308056},
	Eprint = {astro-ph/9906470},
	Journal = {\apj},
	Keywords = {GALAXIES: CLUSTERS: GENERAL, GALAXIES: EVOLUTION, GALAXIES: PHOTOMETRY, GALAXIES: STELLAR CONTENT, Galaxies: Clusters: General, Galaxies: Evolution, Galaxies: Photometry, Galaxies: Stellar Content},
	Month = dec,
	Pages = {54-79},
	Title = {{Differential Galaxy Evolution in Cluster and Field Galaxies at z\~{}0.3}},
	Volume = 527,
	Year = 1999,
	Bdsk-Url-1 = {http://dx.doi.org/10.1086/308056}}

@article{Dressler:1980aa,
	Adsnote = {Provided by the SAO/NASA Astrophysics Data System},
	Adsurl = {http://adsabs.harvard.edu/abs/1980ApJ...236..351D},
	Author = {{Dressler}, A.},
	Date-Added = {2015-04-22 23:47:48 +0000},
	Date-Modified = {2015-04-22 23:47:48 +0000},
	Doi = {10.1086/157753},
	Journal = {\apj},
	Keywords = {Elliptical Galaxies, Galactic Clusters, Galactic Evolution, Galactic Structure, Spiral Galaxies, Astronomical Maps, Density Distribution, Interstellar Gas, Telescopes, Universe, X Ray Astronomy},
	Month = mar,
	Pages = {351-365},
	Title = {{Galaxy morphology in rich clusters - Implications for the formation and evolution of galaxies}},
	Volume = 236,
	Year = 1980,
	Bdsk-Url-1 = {http://dx.doi.org/10.1086/157753}}

@article{Kravtsov:2012aa,
	Adsnote = {Provided by the SAO/NASA Astrophysics Data System},
	Adsurl = {http://adsabs.harvard.edu/abs/2012ARA%26A..50..353K},
	Archiveprefix = {arXiv},
	Author = {{Kravtsov}, A.~V. and {Borgani}, S.},
	Date-Added = {2015-04-22 23:19:28 +0000},
	Date-Modified = {2015-04-22 23:19:28 +0000},
	Doi = {10.1146/annurev-astro-081811-125502},
	Eprint = {1205.5556},
	Journal = {\araa},
	Month = sep,
	Pages = {353-409},
	Title = {{Formation of Galaxy Clusters}},
	Volume = 50,
	Year = 2012,
	Bdsk-Url-1 = {http://dx.doi.org/10.1146/annurev-astro-081811-125502}}

@article{White:1978aa,
	Adsnote = {Provided by the SAO/NASA Astrophysics Data System},
	Adsurl = {http://adsabs.harvard.edu/abs/1978MNRAS.183..341W},
	Author = {{White}, S.~D.~M. and {Rees}, M.~J.},
	Date-Added = {2015-04-22 22:52:09 +0000},
	Date-Modified = {2015-04-22 22:52:09 +0000},
	Journal = {\mnras},
	Keywords = {Astronomical Models, Galactic Clusters, Galactic Evolution, Galactic Nuclei, Gravitational Effects, Halos, Critical Mass, Dark Matter, Dynamic Models, Interstellar Gas, Luminosity, Many Body Problem, Red Shift},
	Month = may,
	Pages = {341-358},
	Title = {{Core condensation in heavy halos - A two-stage theory for galaxy formation and clustering}},
	Volume = 183,
	Year = 1978}

@article{Press:1974aa,
	Adsnote = {Provided by the SAO/NASA Astrophysics Data System},
	Adsurl = {http://adsabs.harvard.edu/abs/1974ApJ...187..425P},
	Author = {{Press}, W.~H. and {Schechter}, P.},
	Date-Added = {2015-04-22 22:16:31 +0000},
	Date-Modified = {2015-04-22 22:16:31 +0000},
	Doi = {10.1086/152650},
	Journal = {\apj},
	Month = feb,
	Pages = {425-438},
	Title = {{Formation of Galaxies and Clusters of Galaxies by Self-Similar Gravitational Condensation}},
	Volume = 187,
	Year = 1974,
	Bdsk-Url-1 = {http://dx.doi.org/10.1086/152650}}

@article{Gott:1975aa,
	Adsnote = {Provided by the SAO/NASA Astrophysics Data System},
	Adsurl = {http://adsabs.harvard.edu/abs/1975A%26A....45..365G},
	Author = {{Gott}, III, J.~R. and {Rees}, M.~J.},
	Date-Added = {2015-04-22 22:12:05 +0000},
	Date-Modified = {2015-04-22 22:12:05 +0000},
	Journal = {\aap},
	Keywords = {Cosmology, Density Distribution, Galactic Clusters, Galactic Evolution, Luminous Intensity, Spatial Distribution, Astronomical Models, Astronomical Spectroscopy, Covariance, Gravitational Collapse, Hubble Diagram, Perturbation Theory},
	Month = dec,
	Pages = {365-376},
	Title = {{A theory of galaxy formation and clustering}},
	Volume = 45,
	Year = 1975}

@article{Huertas-Company:2010aa,
	Adsnote = {Provided by the SAO/NASA Astrophysics Data System},
	Adsurl = {http://adsabs.harvard.edu/abs/2010A%26A...515A...3H},
	Archiveprefix = {arXiv},
	Author = {{Huertas-Company}, M. and {Aguerri}, J.~A.~L. and {Tresse}, L. and {Bolzonella}, M. and {Koekemoer}, A.~M. and {Maier}, C.},
	Date-Added = {2015-04-20 23:08:09 +0000},
	Date-Modified = {2015-04-20 23:08:09 +0000},
	Doi = {10.1051/0004-6361/200913188},
	Eid = {A3},
	Eprint = {1002.3076},
	Journal = {\aap},
	Keywords = {galaxies: evolution, galaxies: formation, galaxies: fundamental parameters, galaxies: high-redshift},
	Month = jun,
	Pages = {A3},
	Primaryclass = {astro-ph.CO},
	Title = {{Evolution of blue E/S0 galaxies from z \~{} 1: merger remnants or disk-rebuilding galaxies?}},
	Volume = 515,
	Year = 2010,
	Bdsk-Url-1 = {http://dx.doi.org/10.1051/0004-6361/200913188}}

@article{Cimatti:2013aa,
	Adsnote = {Provided by the SAO/NASA Astrophysics Data System},
	Adsurl = {http://adsabs.harvard.edu/abs/2013ApJ...779L..13C},
	Archiveprefix = {arXiv},
	Author = {{Cimatti}, A. and {Brusa}, M. and {Talia}, M. and {Mignoli}, M. and {Rodighiero}, G. and {Kurk}, J. and {Cassata}, P. and {Halliday}, C. and {Renzini}, A. and {Daddi}, E.},
	Date-Added = {2015-04-20 23:05:51 +0000},
	Date-Modified = {2015-04-20 23:05:51 +0000},
	Doi = {10.1088/2041-8205/779/1/L13},
	Eid = {L13},
	Eprint = {1311.4401},
	Journal = {\apjl},
	Keywords = {galaxies: active, galaxies: evolution, galaxies: formation},
	Month = dec,
	Pages = {L13},
	Primaryclass = {astro-ph.GA},
	Title = {{Active Galactic Nucleus Feedback at z \~{} 2 and the Mutual Evolution of Active and Inactive Galaxies}},
	Volume = 779,
	Year = 2013,
	Bdsk-Url-1 = {http://dx.doi.org/10.1088/2041-8205/779/1/L13}}

@article{Borch:2006aa,
	Adsnote = {Provided by the SAO/NASA Astrophysics Data System},
	Adsurl = {http://adsabs.harvard.edu/abs/2006A%26A...453..869B},
	Author = {{Borch}, A. and {Meisenheimer}, K. and {Bell}, E.~F. and {Rix}, H.-W. and {Wolf}, C. and {Dye}, S. and {Kleinheinrich}, M. and {Kovacs}, Z. and {Wisotzki}, L.},
	Date-Added = {2015-04-20 23:02:45 +0000},
	Date-Modified = {2015-04-20 23:02:45 +0000},
	Doi = {10.1051/0004-6361:20054376},
	Eprint = {astro-ph/0604405},
	Journal = {\aap},
	Keywords = {galaxies: luminosity function, mass function, galaxies: evolution},
	Month = jul,
	Pages = {869-881},
	Title = {{The stellar masses of 25 000 galaxies at 0.2 {\le} z {\le} 1.0 estimated by the COMBO-17 survey}},
	Volume = 453,
	Year = 2006,
	Bdsk-Url-1 = {http://dx.doi.org/10.1051/0004-6361:20054376}}

@article{Wuyts:2007aa,
	Adsnote = {Provided by the SAO/NASA Astrophysics Data System},
	Adsurl = {http://adsabs.harvard.edu/abs/2007ApJ...655...51W},
	Author = {{Wuyts}, S. and {Labb{\'e}}, I. and {Franx}, M. and {Rudnick}, G. and {van Dokkum}, P.~G. and {Fazio}, G.~G. and {F{\"o}rster Schreiber}, N.~M. and {Huang}, J. and {Moorwood}, A.~F.~M. and {Rix}, H.-W. and {R{\"o}ttgering}, H. and {van der Werf}, P.},
	Date-Added = {2015-04-20 18:45:48 +0000},
	Date-Modified = {2015-04-20 18:45:48 +0000},
	Doi = {10.1086/509708},
	Eprint = {astro-ph/0609548},
	Journal = {\apj},
	Keywords = {Galaxies: Evolution, Galaxies: High-Redshift, Infrared: Galaxies},
	Month = jan,
	Pages = {51-65},
	Title = {{What Do We Learn from IRAC Observations of Galaxies at 2 {\lt} z {\lt} 3.5?}},
	Volume = 655,
	Year = 2007,
	Bdsk-Url-1 = {http://dx.doi.org/10.1086/509708}}

@article{Strazzullo:2013aa,
	Adsnote = {Provided by the SAO/NASA Astrophysics Data System},
	Adsurl = {http://adsabs.harvard.edu/abs/2013ApJ...772..118S},
	Archiveprefix = {arXiv},
	Author = {{Strazzullo}, V. and {Gobat}, R. and {Daddi}, E. and {Onodera}, M. and {Carollo}, M. and {Dickinson}, M. and {Renzini}, A. and {Arimoto}, N. and {Cimatti}, A. and {Finoguenov}, A. and {Chary}, R.-R.},
	Date-Added = {2015-04-20 18:45:18 +0000},
	Date-Modified = {2015-04-20 18:45:18 +0000},
	Doi = {10.1088/0004-637X/772/2/118},
	Eid = {118},
	Eprint = {1305.3577},
	Journal = {\apj},
	Keywords = {galaxies: clusters: individual: Cl J1449+0856, galaxies: evolution, galaxies: high-redshift, galaxies: stellar content, galaxies: structure},
	Month = aug,
	Pages = {118},
	Primaryclass = {astro-ph.CO},
	Title = {{Galaxy Evolution in Overdense Environments at High Redshift: Passive Early-type Galaxies in a Cluster at z \~{} 2}},
	Volume = 772,
	Year = 2013,
	Bdsk-Url-1 = {http://dx.doi.org/10.1088/0004-637X/772/2/118}}

@article{Newman:2014aa,
	Adsnote = {Provided by the SAO/NASA Astrophysics Data System},
	Adsurl = {http://adsabs.harvard.edu/abs/2014ApJ...788...51N},
	Archiveprefix = {arXiv},
	Author = {{Newman}, A.~B. and {Ellis}, R.~S. and {Andreon}, S. and {Treu}, T. and {Raichoor}, A. and {Trinchieri}, G.},
	Date-Added = {2015-04-20 18:44:24 +0000},
	Date-Modified = {2015-04-20 18:44:24 +0000},
	Doi = {10.1088/0004-637X/788/1/51},
	Eid = {51},
	Eprint = {1310.6754},
	Journal = {\apj},
	Keywords = {galaxies: clusters: individual: JKCS 041, galaxies: elliptical and lenticular, cD, galaxies: evolution, galaxies: high-redshift},
	Month = jun,
	Pages = {51},
	Title = {{Spectroscopic Confirmation of the Rich z = 1.80 Galaxy Cluster JKCS 041 using the WFC3 Grism: Environmental Trends in the Ages and Structure of Quiescent Galaxies}},
	Volume = 788,
	Year = 2014,
	Bdsk-Url-1 = {http://dx.doi.org/10.1088/0004-637X/788/1/51}}

@article{van-Dokkum:1996aa,
	Adsnote = {Provided by the SAO/NASA Astrophysics Data System},
	Adsurl = {http://adsabs.harvard.edu/abs/1996MNRAS.281..985V},
	Author = {{van Dokkum}, P.~G. and {Franx}, M.},
	Date-Added = {2015-03-24 22:26:52 +0000},
	Date-Modified = {2015-03-24 22:26:52 +0000},
	Eprint = {astro-ph/9603063},
	Journal = {\mnras},
	Keywords = {galaxies: clusters: individual: CL 0024 -- galaxies: : elliptical and lenticular, cD -- galaxies: evolution -- galaxies: structure, Early-Type Galaxies: Clusters of Galaxies, Early-Type Galaxies: Galaxy Evolution, Early-Type Galaxies: Mass-to-Light Ratios, Early-Type Galaxies: Luminosities, Early-Type Galaxies: Colors, Early-Type Galaxies: Redshifts, Early-Type Galaxies: Surface Brightness},
	Month = aug,
	Pages = {985-1000},
	Title = {{The Fundamental Plane in CL 0024 at z = 0.4: implications for the evolution of the mass-to-light ratio.}},
	Volume = 281,
	Year = 1996}

@article{Patel:2012ab,
	Adsnote = {Provided by the SAO/NASA Astrophysics Data System},
	Adsurl = {http://adsabs.harvard.edu/abs/2012ApJ...748L..27P},
	Archiveprefix = {arXiv},
	Author = {{Patel}, S.~G. and {Holden}, B.~P. and {Kelson}, D.~D. and {Franx}, M. and {van der Wel}, A. and {Illingworth}, G.~D.},
	Date-Added = {2015-03-23 20:40:04 +0000},
	Date-Modified = {2015-03-23 20:40:04 +0000},
	Doi = {10.1088/2041-8205/748/2/L27},
	Eid = {L27},
	Eprint = {1107.3147},
	Journal = {\apjl},
	Keywords = {galaxies: evolution, galaxies: formation, galaxies: structure},
	Month = apr,
	Pages = {L27},
	Primaryclass = {astro-ph.CO},
	Title = {{The UVJ Selection of Quiescent and Star-forming Galaxies: Separating Early- and Late-type Galaxies and Isolating Edge-on Spirals}},
	Volume = 748,
	Year = 2012,
	Bdsk-Url-1 = {http://dx.doi.org/10.1088/2041-8205/748/2/L27}}

@article{Cardamone:2010aa,
	Adsnote = {Provided by the SAO/NASA Astrophysics Data System},
	Adsurl = {http://adsabs.harvard.edu/abs/2010ApJ...721L..38C},
	Archiveprefix = {arXiv},
	Author = {{Cardamone}, C.~N. and {Urry}, C.~M. and {Schawinski}, K. and {Treister}, E. and {Brammer}, G. and {Gawiser}, E.},
	Date-Added = {2015-03-19 18:20:22 +0000},
	Date-Modified = {2015-03-19 18:20:22 +0000},
	Doi = {10.1088/2041-8205/721/1/L38},
	Eprint = {1008.2971},
	Journal = {\apjl},
	Keywords = {galaxies: active, galaxies: high-redshift, X-rays: galaxies},
	Month = sep,
	Pages = {L38-L42},
	Primaryclass = {astro-ph.CO},
	Title = {{Dust-corrected Colors Reveal Bimodality in the Host-galaxy Colors of Active Galactic Nuclei at z \~{} 1}},
	Volume = 721,
	Year = 2010,
	Bdsk-Url-1 = {http://dx.doi.org/10.1088/2041-8205/721/1/L38}}

@article{Moresco:2013aa,
	Adsnote = {Provided by the SAO/NASA Astrophysics Data System},
	Adsurl = {http://adsabs.harvard.edu/abs/2013A%26A...558A..61M},
	Archiveprefix = {arXiv},
	Author = {{Moresco}, M. and {Pozzetti}, L. and {Cimatti}, A. and {Zamorani}, G. and {Bolzonella}, M. and {Lamareille}, F. and {Mignoli}, M. and {Zucca}, E. and {Lilly}, S.~J. and {Carollo}, C.~M. and {Contini}, T. and {Kneib}, J.-P. and {Le F{\`e}vre}, O. and {Mainieri}, V. and {Renzini}, A. and {Scodeggio}, M. and {Bardelli}, S. and {Bongiorno}, A. and {Caputi}, K. and {Cucciati}, O. and {de la Torre}, S. and {de Ravel}, L. and {Franzetti}, P. and {Garilli}, B. and {Iovino}, A. and {Kampczyk}, P. and {Knobel}, C. and {Kova{\v c}}, K. and {Le Borgne}, J.-F. and {Le Brun}, V. and {Maier}, C. and {Pell{\'o}}, R. and {Peng}, Y. and {Perez-Montero}, E. and {Presotto}, V. and {Silverman}, J.~D. and {Tanaka}, M. and {Tasca}, L. and {Tresse}, L. and {Vergani}, D. and {Barnes}, L. and {Bordoloi}, R. and {Cappi}, A. and {Diener}, C. and {Koekemoer}, A.~M. and {Le Floc'h}, E. and {L{\'o}pez-Sanjuan}, C. and {McCracken}, H.~J. and {Nair}, P. and {Oesch}, P. and {Scarlata}, C. and {Scoville}, N. and {Welikala}, N.},
	Date-Added = {2015-03-19 18:11:22 +0000},
	Date-Modified = {2015-03-19 18:11:22 +0000},
	Doi = {10.1051/0004-6361/201321797},
	Eid = {A61},
	Eprint = {1305.1308},
	Journal = {\aap},
	Keywords = {galaxies: evolution, galaxies: fundamental parameters, galaxies: statistics, surveys},
	Month = oct,
	Pages = {A61},
	Primaryclass = {astro-ph.CO},
	Title = {{Spot the difference. Impact of different selection criteria on observed properties of passive galaxies in zCOSMOS-20k sample}},
	Volume = 558,
	Year = 2013,
	Bdsk-Url-1 = {http://dx.doi.org/10.1051/0004-6361/201321797}}

@article{Planck-Collaboration:2014aa,
	Adsnote = {Provided by the SAO/NASA Astrophysics Data System},
	Adsurl = {http://adsabs.harvard.edu/abs/2014A%26A...571A..29P},
	Archiveprefix = {arXiv},
	Author = {{Planck Collaboration} and {Ade}, P.~A.~R. and {Aghanim}, N. and {Armitage-Caplan}, C. and {Arnaud}, M. and {Ashdown}, M. and {Atrio-Barandela}, F. and {Aumont}, J. and {Aussel}, H. and {Baccigalupi}, C. and et al.},
	Date-Added = {2015-03-18 03:42:22 +0000},
	Date-Modified = {2015-03-18 03:42:22 +0000},
	Doi = {10.1051/0004-6361/201321523},
	Eid = {A29},
	Eprint = {1303.5089},
	Journal = {\aap},
	Keywords = {large-scale structure of Universe, galaxies: clusters: general, catalogs},
	Month = nov,
	Pages = {A29},
	Title = {{Planck 2013 results. XXIX. The Planck catalogue of Sunyaev-Zeldovich sources}},
	Volume = 571,
	Year = 2014,
	Bdsk-Url-1 = {http://dx.doi.org/10.1051/0004-6361/201321523}}

@article{Bleem:2015sf,
	Adsnote = {Provided by the SAO/NASA Astrophysics Data System},
	Adsurl = {http://adsabs.harvard.edu/abs/2015ApJS..216...27B},
	Archiveprefix = {arXiv},
	Author = {{Bleem}, L.~E. and {Stalder}, B. and {de Haan}, T. and {Aird}, K.~A. and {Allen}, S.~W. and {Applegate}, D.~E. and {Ashby}, M.~L.~N. and {Bautz}, M. and {Bayliss}, M. and {Benson}, B.~A. and {Bocquet}, S. and {Brodwin}, M. and {Carlstrom}, J.~E. and {Chang}, C.~L. and {Chiu}, I. and {Cho}, H.~M. and {Clocchiatti}, A. and {Crawford}, T.~M. and {Crites}, A.~T. and {Desai}, S. and {Dietrich}, J.~P. and {Dobbs}, M.~A. and {Foley}, R.~J. and {Forman}, W.~R. and {George}, E.~M. and {Gladders}, M.~D. and {Gonzalez}, A.~H. and {Halverson}, N.~W. and {Hennig}, C. and {Hoekstra}, H. and {Holder}, G.~P. and {Holzapfel}, W.~L. and {Hrubes}, J.~D. and {Jones}, C. and {Keisler}, R. and {Knox}, L. and {Lee}, A.~T. and {Leitch}, E.~M. and {Liu}, J. and {Lueker}, M. and {Luong-Van}, D. and {Mantz}, A. and {Marrone}, D.~P. and {McDonald}, M. and {McMahon}, J.~J. and {Meyer}, S.~S. and {Mocanu}, L. and {Mohr}, J.~J. and {Murray}, S.~S. and {Padin}, S. and {Pryke}, C. and {Reichardt}, C.~L. and {Rest}, A. and {Ruel}, J. and {Ruhl}, J.~E. and {Saliwanchik}, B.~R. and {Saro}, A. and {Sayre}, J.~T. and {Schaffer}, K.~K. and {Schrabback}, T. and {Shirokoff}, E. and {Song}, J. and {Spieler}, H.~G. and {Stanford}, S.~A. and {Staniszewski}, Z. and {Stark}, A.~A. and {Story}, K.~T. and {Stubbs}, C.~W. and {Vanderlinde}, K. and {Vieira}, J.~D. and {Vikhlinin}, A. and {Williamson}, R. and {Zahn}, O. and {Zenteno}, A.},
	Date-Added = {2015-03-12 11:43:42 -0700},
	Date-Modified = {2015-03-12 11:43:44 -0700},
	Doi = {10.1088/0067-0049/216/2/27},
	Eid = {27},
	Eprint = {1409.0850},
	Journal = {\apjs},
	Keywords = {cosmology: observations, galaxies: clusters: individual, large-scale structure of universe},
	Month = feb,
	Pages = {27},
	Title = {{Galaxy Clusters Discovered via the Sunyaev-Zel'dovich Effect in the 2500-Square-Degree SPT-SZ Survey}},
	Volume = 216,
	Year = 2015,
	Bdsk-Url-1 = {http://dx.doi.org/10.1088/0067-0049/216/2/27}}

@article{kriek2014,
	Adsnote = {Provided by the SAO/NASA Astrophysics Data System},
	Adsurl = {http://adsabs.harvard.edu/abs/2014arXiv1412.1835K},
	Archiveprefix = {arXiv},
	Author = {{Kriek}, M. and {Shapley}, A.~E. and {Reddy}, N.~A. and {Siana}, B. and {Coil}, A.~L. and {Mobasher}, B. and {Freeman}, W.~R. and {de Groot}, L. and {Price}, S.~H. and {Sanders}, R. and {Shivaei}, I. and {Brammer}, G.~B. and {Momcheva}, I.~G. and {Skelton}, R.~E. and {van Dokkum}, P.~G. and {Whitaker}, K.~E. and {Aird}, J. and {Azadi}, M. and {Kassis}, M. and {Bullock}, J.~S. and {Conroy}, C. and {Dave}, R. and {Keres}, D. and {Krumholz}, M.},
	Eprint = {1412.1835},
	Journal = {ArXiv e-prints},
	Keywords = {Astrophysics - Astrophysics of Galaxies, Astrophysics - Cosmology and Nongalactic Astrophysics},
	Month = dec,
	Title = {{The MOSFIRE Deep Evolution Field (MOSDEF) Survey: Rest-Frame Optical Spectroscopy For \~{}1500 H-Selected Galaxies at 1.37 {\lt} z {\lt} 3.8}},
	Year = 2014}

@inproceedings{2001ASPC..230..581F,
	Adsnote = {Provided by the SAO/NASA Astrophysics Data System},
	Adsurl = {http://adsabs.harvard.edu/abs/2001ASPC..230..581F},
	Author = {{Franx}, M. and {van Dokkum}, P.~G.},
	Booktitle = {Galaxy Disks and Disk Galaxies},
	Editor = {{Funes}, J.~G. and {Corsini}, E.~M.},
	Pages = {581-588},
	Series = {Astronomical Society of the Pacific Conference Series},
	Title = {{Evolution and Formation of Early-Types in Clusters: Old Disk Galaxies}},
	Volume = 230,
	Year = 2001}

@article{2000ApJ...541...95V,
	Adsnote = {Provided by the SAO/NASA Astrophysics Data System},
	Adsurl = {http://adsabs.harvard.edu/abs/2000ApJ...541...95V},
	Author = {{van Dokkum}, P.~G. and {Franx}, M. and {Fabricant}, D. and {Illingworth}, G.~D. and {Kelson}, D.~D.},
	Doi = {10.1086/309402},
	Eprint = {astro-ph/0002507},
	Journal = {\apj},
	Keywords = {galaxies: clusters: individual (MS 1054-03), Galaxies: Elliptical and Lenticular, cD, Galaxies: Evolution, Galaxies: Structure},
	Month = sep,
	Pages = {95-111},
	Title = {{Hubble Space Telescope Photometry and Keck Spectroscopy of the Rich Cluster MS 1054-03: Morphologies, Butcher-Oemler Effect, and the Color-Magnitude Relation at Z = 0.83}},
	Volume = 541,
	Year = 2000,
	Bdsk-Url-1 = {http://dx.doi.org/10.1086/309402}}

@article{2006MNRAS.370.1106G,
	Adsnote = {Provided by the SAO/NASA Astrophysics Data System},
	Adsurl = {http://adsabs.harvard.edu/abs/2006MNRAS.370.1106G},
	Author = {{Gallazzi}, A. and {Charlot}, S. and {Brinchmann}, J. and {White}, S.~D.~M.},
	Doi = {10.1111/j.1365-2966.2006.10548.x},
	Eprint = {astro-ph/0605300},
	Journal = {\mnras},
	Keywords = {galaxies: evolution: galaxies: formation: galaxies: stellar content, galaxies: evolution, galaxies: formation, galaxies: stellar content},
	Month = aug,
	Pages = {1106-1124},
	Title = {{Ages and metallicities of early-type galaxies in the Sloan Digital Sky Survey: new insight into the physical origin of the colour-magnitude and the Mg$_{2}$-{$\sigma$}$_{V}$ relations}},
	Volume = 370,
	Year = 2006,
	Bdsk-Url-1 = {http://dx.doi.org/10.1111/j.1365-2966.2006.10548.x}}

@article{2005ApJ...621..673T,
	Adsnote = {Provided by the SAO/NASA Astrophysics Data System},
	Adsurl = {http://adsabs.harvard.edu/abs/2005ApJ...621..673T},
	Author = {{Thomas}, D. and {Maraston}, C. and {Bender}, R. and {Mendes de Oliveira}, C.},
	Doi = {10.1086/426932},
	Eprint = {astro-ph/0410209},
	Journal = {\apj},
	Keywords = {Galaxies: Abundances, Galaxies: Elliptical and Lenticular, cD, Galaxies: Evolution, Galaxies: Formation, Galaxies: Stellar Content},
	Month = mar,
	Pages = {673-694},
	Title = {{The Epochs of Early-Type Galaxy Formation as a Function of Environment}},
	Volume = 621,
	Year = 2005,
	Bdsk-Url-1 = {http://dx.doi.org/10.1086/426932}}

@article{2005ApJ...632..137N,
	Adsnote = {Provided by the SAO/NASA Astrophysics Data System},
	Adsurl = {http://adsabs.harvard.edu/abs/2005ApJ...632..137N},
	Author = {{Nelan}, J.~E. and {Smith}, R.~J. and {Hudson}, M.~J. and {Wegner}, G.~A. and {Lucey}, J.~R. and {Moore}, S.~A.~W. and {Quinney}, S.~J. and {Suntzeff}, N.~B.},
	Doi = {10.1086/431962},
	Eprint = {astro-ph/0505301},
	Journal = {\apj},
	Keywords = {Galaxies: Clusters: General, Galaxies: Elliptical and Lenticular, cD, Galaxies: Evolution, Surveys},
	Month = oct,
	Pages = {137-156},
	Title = {{NOAO Fundamental Plane Survey. II. Age and Metallicity along the Red Sequence from Line-Strength Data}},
	Volume = 632,
	Year = 2005,
	Bdsk-Url-1 = {http://dx.doi.org/10.1086/431962}}

@article{muzzin2013,
	Adsnote = {Provided by the SAO/NASA Astrophysics Data System},
	Adsurl = {http://adsabs.harvard.edu/abs/2013ApJS..206....8M},
	Archiveprefix = {arXiv},
	Author = {{Muzzin}, A. and {Marchesini}, D. and {Stefanon}, M. and {Franx}, M. and {Milvang-Jensen}, B. and {Dunlop}, J.~S. and {Fynbo}, J.~P.~U. and {Brammer}, G. and {Labb{\'e}}, I. and {van Dokkum}, P.},
	Doi = {10.1088/0067-0049/206/1/8},
	Eid = {8},
	Eprint = {1303.4410},
	Journal = {\apjs},
	Keywords = {galaxies: evolution, galaxies: fundamental parameters, galaxies: high-redshift, infrared: galaxies},
	Month = may,
	Pages = {8},
	Primaryclass = {astro-ph.CO},
	Title = {{A Public K$_{s}$ -selected Catalog in the COSMOS/ULTRAVISTA Field: Photometry, Photometric Redshifts, and Stellar Population Parameters}},
	Volume = 206,
	Year = 2013,
	Bdsk-Url-1 = {http://dx.doi.org/10.1088/0067-0049/206/1/8}}

@article{Gettings:2012fe,
	Adsnote = {Provided by the SAO/NASA Astrophysics Data System},
	Adsurl = {http://adsabs.harvard.edu/abs/2012ApJ...759L..23G},
	Archiveprefix = {arXiv},
	Author = {{Gettings}, D.~P. and {Gonzalez}, A.~H. and {Stanford}, S.~A. and {Eisenhardt}, P.~R.~M. and {Brodwin}, M. and {Mancone}, C. and {Stern}, D. and {Zeimann}, G.~R. and {Masci}, F.~J. and {Papovich}, C. and {Tanaka}, I. and {Wright}, E.~L.},
	Date-Added = {2015-03-06 11:39:43 -0800},
	Date-Modified = {2015-03-06 11:39:47 -0800},
	Doi = {10.1088/2041-8205/759/1/L23},
	Eid = {L23},
	Eprint = {1205.7092},
	Journal = {\apjl},
	Keywords = {galaxies: clusters: individual: MOO J2342.0+1301, galaxies: distances and redshifts, galaxies: evolution},
	Month = nov,
	Pages = {L23},
	Primaryclass = {astro-ph.CO},
	Title = {{The Massive Distant Clusters of WISE Survey: The First Distant Galaxy Cluster Discovered by WISE}},
	Volume = 759,
	Year = 2012,
	Bdsk-Url-1 = {http://dx.doi.org/10.1088/2041-8205/759/1/L23}}

@article{Eisenhardt:2008pi,
	Adsnote = {Provided by the SAO/NASA Astrophysics Data System},
	Adsurl = {http://adsabs.harvard.edu/abs/2008ApJ...684..905E},
	Archiveprefix = {arXiv},
	Author = {{Eisenhardt}, P.~R.~M. and {Brodwin}, M. and {Gonzalez}, A.~H. and {Stanford}, S.~A. and {Stern}, D. and {Barmby}, P. and {Brown}, M.~J.~I. and {Dawson}, K. and {Dey}, A. and {Doi}, M. and {Galametz}, A. and {Jannuzi}, B.~T. and {Kochanek}, C.~S. and {Meyers}, J. and {Morokuma}, T. and {Moustakas}, L.~A.},
	Date-Added = {2015-03-06 11:26:26 -0800},
	Date-Modified = {2015-03-06 11:26:27 -0800},
	Doi = {10.1086/590105},
	Eprint = {0804.4798},
	Journal = {\apj},
	Keywords = {Galaxies: Clusters: General, Surveys},
	Month = sep,
	Pages = {905-932},
	Title = {{Clusters of Galaxies in the First Half of the Universe from the IRAC Shallow Survey}},
	Volume = 684,
	Year = 2008,
	Bdsk-Url-1 = {http://dx.doi.org/10.1086/590105}}

@article{Stanford:2005xr,
	Adsnote = {Provided by the SAO/NASA Astrophysics Data System},
	Adsurl = {http://adsabs.harvard.edu/abs/2005ApJ...634L.129S},
	Author = {{Stanford}, S.~A. and {Eisenhardt}, P.~R. and {Brodwin}, M. and {Gonzalez}, A.~H. and {Stern}, D. and {Jannuzi}, B.~T. and {Dey}, A. and {Brown}, M.~J.~I. and {McKenzie}, E. and {Elston}, R.},
	Date-Added = {2015-03-06 11:25:04 -0800},
	Date-Modified = {2015-03-06 11:25:12 -0800},
	Doi = {10.1086/499045},
	Eprint = {astro-ph/0510655},
	Journal = {\apjl},
	Keywords = {Galaxies: Clusters: General, Galaxies: Evolution, Galaxies: Formation},
	Month = dec,
	Pages = {L129-L132},
	Title = {{An IR-selected Galaxy Cluster at z = 1.41}},
	Volume = 634,
	Year = 2005,
	Bdsk-Url-1 = {http://dx.doi.org/10.1086/499045}}

@article{Evrard:2008lr,
	Adsnote = {Provided by the SAO/NASA Astrophysics Data System},
	Adsurl = {http://adsabs.harvard.edu/abs/2008ApJ...672..122E},
	Author = {{Evrard}, A.~E. and {Bialek}, J. and {Busha}, M. and {White}, M. and {Habib}, S. and {Heitmann}, K. and {Warren}, M. and {Rasia}, E. and {Tormen}, G. and {Moscardini}, L. and {Power}, C. and {Jenkins}, A.~R. and {Gao}, L. and {Frenk}, C.~S. and {Springel}, V. and {White}, S.~D.~M. and {Diemand}, J.},
	Date-Added = {2015-02-26 11:55:47 -0800},
	Date-Modified = {2015-02-26 11:55:48 -0800},
	Doi = {10.1086/521616},
	Eprint = {astro-ph/0702241},
	Journal = {\apj},
	Keywords = {Cosmology: Miscellaneous, Cosmology: Theory, Cosmology: Dark Matter, Galaxies: Clusters: General, Gravitation, Galaxies: Intergalactic Medium},
	Month = jan,
	Pages = {122-137},
	Title = {{Virial Scaling of Massive Dark Matter Halos: Why Clusters Prefer a High Normalization Cosmology}},
	Volume = 672,
	Year = 2008,
	Bdsk-Url-1 = {http://dx.doi.org/10.1086/521616}}

@article{Fadda:1996kk,
	Adsnote = {Provided by the SAO/NASA Astrophysics Data System},
	Adsurl = {http://adsabs.harvard.edu/abs/1996ApJ...473..670F},
	Author = {{Fadda}, D. and {Girardi}, M. and {Giuricin}, G. and {Mardirossian}, F. and {Mezzetti}, M.},
	Date-Added = {2015-02-26 11:54:16 -0800},
	Date-Modified = {2015-02-26 11:54:17 -0800},
	Doi = {10.1086/178180},
	Eprint = {astro-ph/9606098},
	Journal = {\apj},
	Keywords = {GALAXIES: CLUSTERS: GENERAL, GALAXIES: DISTANCES AND REDSHIFTS, GALAXIES: KINEMATICS AND DYNAMICS},
	Month = dec,
	Pages = {670},
	Title = {{The Observational Distribution of Internal Velocity Dispersions in Nearby Galaxy Clusters}},
	Volume = 473,
	Year = 1996,
	Bdsk-Url-1 = {http://dx.doi.org/10.1086/178180}}

@article{Girardi:1993ud,
	Adsnote = {Provided by the SAO/NASA Astrophysics Data System},
	Adsurl = {http://adsabs.harvard.edu/abs/1993ApJ...404...38G},
	Author = {{Girardi}, M. and {Biviano}, A. and {Giuricin}, G. and {Mardirossian}, F. and {Mezzetti}, M.},
	Date-Added = {2015-02-26 11:52:15 -0800},
	Date-Modified = {2015-02-26 11:52:17 -0800},
	Doi = {10.1086/172256},
	Journal = {\apj},
	Keywords = {Galactic Clusters, Velocity Distribution, Astronomical Models, Computational Astrophysics, Correlation Coefficients, Distribution Functions, Red Shift, Statistical Correlation},
	Month = feb,
	Pages = {38-50},
	Title = {{Velocity dispersions in galaxy clusters}},
	Volume = 404,
	Year = 1993,
	Bdsk-Url-1 = {http://dx.doi.org/10.1086/172256}}

@article{Beers:1990bf,
	Adsnote = {Provided by the SAO/NASA Astrophysics Data System},
	Adsurl = {http://adsabs.harvard.edu/abs/1990AJ....100...32B},
	Author = {{Beers}, T.~C. and {Flynn}, K. and {Gebhardt}, K.},
	Date-Added = {2015-02-26 11:50:31 -0800},
	Date-Modified = {2015-02-26 11:50:32 -0800},
	Doi = {10.1086/115487},
	Journal = {\aj},
	Keywords = {Galactic Clusters, Position (Location), Radial Velocity, Robustness (Mathematics), Astronomical Coordinates, Normal Density Functions, Velocity Distribution},
	Month = jul,
	Pages = {32-46},
	Title = {{Measures of location and scale for velocities in clusters of galaxies - A robust approach}},
	Volume = 100,
	Year = 1990,
	Bdsk-Url-1 = {http://dx.doi.org/10.1086/115487}}

@article{Whitaker:2013rz,
	Adsnote = {Provided by the SAO/NASA Astrophysics Data System},
	Adsurl = {http://adsabs.harvard.edu/abs/2013ApJ...770L..39W},
	Archiveprefix = {arXiv},
	Author = {{Whitaker}, K.~E. and {van Dokkum}, P.~G. and {Brammer}, G. and {Momcheva}, I.~G. and {Skelton}, R. and {Franx}, M. and {Kriek}, M. and {Labb{\'e}}, I. and {Fumagalli}, M. and {Lundgren}, B.~F. and {Nelson}, E.~J. and {Patel}, S.~G. and {Rix}, H.-W.},
	Date-Added = {2015-02-26 10:17:14 -0800},
	Date-Modified = {2015-02-26 10:17:18 -0800},
	Doi = {10.1088/2041-8205/770/2/L39},
	Eid = {L39},
	Eprint = {1305.1943},
	Journal = {\apjl},
	Keywords = {galaxies: evolution, galaxies: formation, galaxies: high-redshift},
	Month = jun,
	Pages = {L39},
	Primaryclass = {astro-ph.CO},
	Title = {{Quiescent Galaxies in the 3D-HST Survey: Spectroscopic Confirmation of a Large Number of Galaxies with Relatively Old Stellar Populations at z \~{} 2}},
	Volume = 770,
	Year = 2013,
	Bdsk-Url-1 = {http://dx.doi.org/10.1088/2041-8205/770/2/L39}}

@article{Patel:2012sf,
	Adsnote = {Provided by the SAO/NASA Astrophysics Data System},
	Adsurl = {http://adsabs.harvard.edu/abs/2012ApJ...748L..27P},
	Archiveprefix = {arXiv},
	Author = {{Patel}, S.~G. and {Holden}, B.~P. and {Kelson}, D.~D. and {Franx}, M. and {van der Wel}, A. and {Illingworth}, G.~D.},
	Date-Added = {2015-02-26 10:16:38 -0800},
	Date-Modified = {2015-02-26 10:16:39 -0800},
	Doi = {10.1088/2041-8205/748/2/L27},
	Eid = {L27},
	Eprint = {1107.3147},
	Journal = {\apjl},
	Keywords = {galaxies: evolution, galaxies: formation, galaxies: structure},
	Month = apr,
	Pages = {L27},
	Primaryclass = {astro-ph.CO},
	Title = {{The UVJ Selection of Quiescent and Star-forming Galaxies: Separating Early- and Late-type Galaxies and Isolating Edge-on Spirals}},
	Volume = 748,
	Year = 2012,
	Bdsk-Url-1 = {http://dx.doi.org/10.1088/2041-8205/748/2/L27}}

@article{Muzzin:2014sf,
	Adsnote = {Provided by the SAO/NASA Astrophysics Data System},
	Adsurl = {http://adsabs.harvard.edu/abs/2014ApJ...796...65M},
	Archiveprefix = {arXiv},
	Author = {{Muzzin}, A. and {van der Burg}, R.~F.~J. and {McGee}, S.~L. and {Balogh}, M. and {Franx}, M. and {Hoekstra}, H. and {Hudson}, M.~J. and {Noble}, A. and {Taranu}, D.~S. and {Webb}, T. and {Wilson}, G. and {Yee}, H.~K.~C.},
	Date-Added = {2015-01-26 10:39:24 -0800},
	Date-Modified = {2015-01-26 10:39:27 -0800},
	Doi = {10.1088/0004-637X/796/1/65},
	Eid = {65},
	Eprint = {1402.7077},
	Journal = {\apj},
	Keywords = {galaxies: clusters: general, galaxies: evolution, galaxies: formation, galaxies: high-redshift},
	Month = nov,
	Pages = {65},
	Title = {{The Phase Space and Stellar Populations of Cluster Galaxies at z \~{} 1: Simultaneous Constraints on the Location and Timescale of Satellite Quenching}},
	Volume = 796,
	Year = 2014,
	Bdsk-Url-1 = {http://dx.doi.org/10.1088/0004-637X/796/1/65}}

@article{Gioia:1994rz,
	Adsnote = {Provided by the SAO/NASA Astrophysics Data System},
	Adsurl = {http://adsabs.harvard.edu/abs/1994ApJS...94..583G},
	Author = {{Gioia}, I.~M. and {Luppino}, G.~A.},
	Date-Added = {2015-01-09 15:25:42 -0800},
	Date-Modified = {2015-01-09 15:25:44 -0800},
	Doi = {10.1086/192083},
	Eprint = {astro-ph/9405069},
	Journal = {\apjs},
	Keywords = {Galactic Clusters, Gravitational Lenses, Sky Surveys (Astronomy), X Ray Astronomy, Charge Coupled Devices, Heao 2, Radio Sources (Astronomy), Red Shift, Stellar Luminosity, X Ray Spectra},
	Month = oct,
	Pages = {583-614},
	Title = {{The EMSS catalog of X-ray-selected clusters of galaxies. 1: an atlas of CCD images of 41 distant clusters}},
	Volume = 94,
	Year = 1994,
	Bdsk-Url-1 = {http://dx.doi.org/10.1086/192083}}

@article{Zeimann:2012bf,
	Adsnote = {Provided by the SAO/NASA Astrophysics Data System},
	Adsurl = {http://adsabs.harvard.edu/abs/2012ApJ...756..115Z},
	Archiveprefix = {arXiv},
	Author = {{Zeimann}, G.~R. and {Stanford}, S.~A. and {Brodwin}, M. and {Gonzalez}, A.~H. and {Snyder}, G.~F. and {Stern}, D. and {Eisenhardt}, P. and {Mancone}, C. and {Dey}, A.},
	Date-Added = {2014-08-11 13:33:57 -0700},
	Date-Modified = {2014-08-11 13:33:57 -0700},
	Doi = {10.1088/0004-637X/756/2/115},
	Eid = {115},
	Eprint = {1207.4793},
	Journal = {\apj},
	Keywords = {galaxies: clusters: individual: IDCS J1433.2+3306, galaxies: distances and redshifts, galaxies: evolution, galaxies: formation, galaxies: photometry, galaxies: star formation},
	Month = sep,
	Pages = {115},
	Primaryclass = {astro-ph.CO},
	Title = {{IDCS J1433.2+3306: An Infrared-selected Galaxy Cluster at z = 1.89}},
	Volume = 756,
	Year = 2012,
	Bdsk-Url-1 = {http://dx.doi.org/10.1088/0004-637X/756/2/115}}

@article{Stanford:2012yi,
	Adsnote = {Provided by the SAO/NASA Astrophysics Data System},
	Adsurl = {http://adsabs.harvard.edu/abs/2012ApJ...753..164S},
	Archiveprefix = {arXiv},
	Author = {{Stanford}, S.~A. and {Brodwin}, M. and {Gonzalez}, A.~H. and {Zeimann}, G. and {Stern}, D. and {Dey}, A. and {Eisenhardt}, P.~R. and {Snyder}, G.~F. and {Mancone}, C.},
	Date-Added = {2014-08-11 13:32:55 -0700},
	Date-Modified = {2014-08-11 13:32:56 -0700},
	Doi = {10.1088/0004-637X/753/2/164},
	Eid = {164},
	Eprint = {1205.3786},
	Journal = {\apj},
	Keywords = {galaxies: clusters: individual, galaxies: distances and redshifts, galaxies: evolution},
	Month = jul,
	Pages = {164},
	Primaryclass = {astro-ph.CO},
	Title = {{IDCS J1426.5+3508: Discovery of a Massive, Infrared-selected Galaxy Cluster at z = 1.75}},
	Volume = 753,
	Year = 2012,
	Bdsk-Url-1 = {http://dx.doi.org/10.1088/0004-637X/753/2/164}}

@article{Papovich:2010yj,
	Adsnote = {Provided by the SAO/NASA Astrophysics Data System},
	Adsurl = {http://adsabs.harvard.edu/abs/2010ApJ...716.1503P},
	Archiveprefix = {arXiv},
	Author = {{Papovich}, C. and {Momcheva}, I. and {Willmer}, C.~N.~A. and {Finkelstein}, K.~D. and {Finkelstein}, S.~L. and {Tran}, K.-V. and {Brodwin}, M. and {Dunlop}, J.~S. and {Farrah}, D. and {Khan}, S.~A. and {Lotz}, J. and {McCarthy}, P. and {McLure}, R.~J. and {Rieke}, M. and {Rudnick}, G. and {Sivanandam}, S. and {Pacaud}, F. and {Pierre}, M.},
	Date-Added = {2014-08-11 13:07:18 -0700},
	Date-Modified = {2014-08-11 13:07:19 -0700},
	Doi = {10.1088/0004-637X/716/2/1503},
	Eprint = {1002.3158},
	Journal = {\apj},
	Keywords = {galaxies: clusters: general, galaxies: clusters: individual: ClG 0218.3-0510, galaxies: evolution, large-scale structure of universe},
	Month = jun,
	Pages = {1503-1513},
	Primaryclass = {astro-ph.CO},
	Title = {{A Spitzer-selected Galaxy Cluster at z = 1.62}},
	Volume = 716,
	Year = 2010,
	Bdsk-Url-1 = {http://dx.doi.org/10.1088/0004-637X/716/2/1503}}

@article{Mei:2006ec,
	Adsnote = {Provided by the SAO/NASA Astrophysics Data System},
	Adsurl = {http://adsabs.harvard.edu/abs/2006ApJ...644..759M},
	Author = {{Mei}, S. and {Holden}, B.~P. and {Blakeslee}, J.~P. and {Rosati}, P. and {Postman}, M. and {Jee}, M.~J. and {Rettura}, A. and {Sirianni}, M. and {Demarco}, R. and {Ford}, H.~C. and {Franx}, M. and {Homeier}, N. and {Illingworth}, G.~D.},
	Date-Added = {2014-08-11 13:06:00 -0700},
	Date-Modified = {2014-08-11 13:06:01 -0700},
	Doi = {10.1086/503826},
	Eprint = {astro-ph/0604082},
	Journal = {\apj},
	Keywords = {galaxies: clusters: individual (RX J0848+4453), galaxies: clusters: individual (RX J0849+4452), Galaxies: Elliptical and Lenticular, cD, Galaxies: Evolution},
	Month = jun,
	Pages = {759-768},
	Title = {{Evolution of the Color-Magnitude Relation in High-Redshift Clusters: Early-Type Galaxies in the Lynx Supercluster at z \~{} 1.26}},
	Volume = 644,
	Year = 2006,
	Bdsk-Url-1 = {http://dx.doi.org/10.1086/503826}}

@article{Snyder:2012wq,
	Adsnote = {Provided by the SAO/NASA Astrophysics Data System},
	Adsurl = {http://adsabs.harvard.edu/abs/2012ApJ...756..114S},
	Archiveprefix = {arXiv},
	Author = {{Snyder}, G.~F. and {Brodwin}, M. and {Mancone}, C.~M. and {Zeimann}, G.~R. and {Stanford}, S.~A. and {Gonzalez}, A.~H. and {Stern}, D. and {Eisenhardt}, P.~R.~M. and {Brown}, M.~J.~I. and {Dey}, A. and {Jannuzi}, B. and {Perlmutter}, S.},
	Date-Added = {2014-08-11 12:16:19 -0700},
	Date-Modified = {2014-08-11 12:16:23 -0700},
	Doi = {10.1088/0004-637X/756/2/114},
	Eid = {114},
	Eprint = {1207.4790},
	Journal = {\apj},
	Keywords = {galaxies: clusters: general, galaxies: elliptical and lenticular, cD, galaxies: evolution, galaxies: formation, galaxies: photometry},
	Month = sep,
	Pages = {114},
	Primaryclass = {astro-ph.CO},
	Title = {{Assembly of the Red Sequence in Infrared-selected Galaxy Clusters from the IRAC Shallow Cluster Survey}},
	Volume = 756,
	Year = 2012,
	Bdsk-Url-1 = {http://dx.doi.org/10.1088/0004-637X/756/2/114}}

@article{Hilton:2009nq,
	Adsnote = {Provided by the SAO/NASA Astrophysics Data System},
	Adsurl = {http://adsabs.harvard.edu/abs/2009ApJ...697..436H},
	Archiveprefix = {arXiv},
	Author = {{Hilton}, M. and {Stanford}, S.~A. and {Stott}, J.~P. and {Collins}, C.~A. and {Hoyle}, B. and {Davidson}, M. and {Hosmer}, M. and {Kay}, S.~T. and {Liddle}, A.~R. and {Lloyd-Davies}, E. and {Mann}, R.~G. and {Mehrtens}, N. and {Miller}, C.~J. and {Nichol}, R.~C. and {Romer}, A.~K. and {Sabirli}, K. and {Sahl{\'e}n}, M. and {Viana}, P.~T.~P. and {West}, M.~J. and {Barbary}, K. and {Dawson}, K.~S. and {Meyers}, J. and {Perlmutter}, S. and {Rubin}, D. and {Suzuki}, N.},
	Date-Added = {2014-08-11 12:14:41 -0700},
	Date-Modified = {2014-08-11 12:14:42 -0700},
	Doi = {10.1088/0004-637X/697/1/436},
	Eprint = {0903.1731},
	Journal = {\apj},
	Keywords = {galaxies: clusters: individual: XMMXCS J2215.9 {\ndash} 1738, galaxies: elliptical and lenticular, cD, galaxies: evolution, X-rays: galaxies: clusters},
	Month = may,
	Pages = {436-451},
	Primaryclass = {astro-ph.CO},
	Title = {{The XMM Cluster Survey: Galaxy Morphologies and the Color-Magnitude Relation in XMMXCS J2215.9 - 1738 at z = 1.46}},
	Volume = 697,
	Year = 2009,
	Bdsk-Url-1 = {http://dx.doi.org/10.1088/0004-637X/697/1/436}}

@article{Hilton:2012rw,
	Adsnote = {Provided by the SAO/NASA Astrophysics Data System},
	Adsurl = {http://adsabs.harvard.edu/abs/2012MNRAS.424.2086H},
	Archiveprefix = {arXiv},
	Author = {{Hilton}, M. and {Romer}, A.~K. and {Kay}, S.~T. and {Mehrtens}, N. and {Lloyd-Davies}, E.~J. and {Thomas}, P.~A. and {Short}, C.~J. and {Mayers}, J.~A. and {Rooney}, P.~J. and {Stott}, J.~P. and {Collins}, C.~A. and {Harrison}, C.~D. and {Hoyle}, B. and {Liddle}, A.~R. and {Mann}, R.~G. and {Miller}, C.~J. and {Sahl{\'e}n}, M. and {Viana}, P.~T.~P. and {Davidson}, M. and {Hosmer}, M. and {Nichol}, R.~C. and {Sabirli}, K. and {Stanford}, S.~A. and {West}, M.~J.},
	Date-Added = {2014-08-11 12:09:20 -0700},
	Date-Modified = {2014-08-11 12:09:21 -0700},
	Doi = {10.1111/j.1365-2966.2012.21359.x},
	Eprint = {1205.5570},
	Journal = {\mnras},
	Keywords = {galaxies: clusters: general, galaxies: clusters: intracluster medium, galaxies: high-redshift, cosmology: observations, X-rays: galaxies: clusters},
	Month = aug,
	Pages = {2086-2096},
	Primaryclass = {astro-ph.CO},
	Title = {{The XMM Cluster Survey: evidence for energy injection at high redshift from evolution of the X-ray luminosity-temperature relation}},
	Volume = 424,
	Year = 2012,
	Bdsk-Url-1 = {http://dx.doi.org/10.1111/j.1365-2966.2012.21359.x}}

@article{Calzetti:2001hh,
	Adsnote = {Provided by the SAO/NASA Astrophysics Data System},
	Adsurl = {http://adsabs.harvard.edu/abs/2001PASP..113.1449C},
	Author = {{Calzetti}, D.},
	Date-Added = {2014-08-04 12:12:13 -0700},
	Date-Modified = {2014-08-04 12:12:14 -0700},
	Doi = {10.1086/324269},
	Eprint = {astro-ph/0109035},
	Journal = {\pasp},
	Keywords = {ISM: Dust, Extinction, Galaxies: ISM, Galaxies: Starburst, infrared: galaxies, ultraviolet: galaxies},
	Month = dec,
	Pages = {1449-1485},
	Title = {{The Dust Opacity of Star-forming Galaxies}},
	Volume = 113,
	Year = 2001,
	Bdsk-Url-1 = {http://dx.doi.org/10.1086/324269}}

@article{Lidman:2012il,
	Adsnote = {Provided by the SAO/NASA Astrophysics Data System},
	Adsurl = {http://adsabs.harvard.edu/abs/2012MNRAS.427..550L},
	Archiveprefix = {arXiv},
	Author = {{Lidman}, C. and {Suherli}, J. and {Muzzin}, A. and {Wilson}, G. and {Demarco}, R. and {Brough}, S. and {Rettura}, A. and {Cox}, J. and {DeGroot}, A. and {Yee}, H.~K.~C. and {Gilbank}, D. and {Hoekstra}, H. and {Balogh}, M. and {Ellingson}, E. and {Hicks}, A. and {Nantais}, J. and {Noble}, A. and {Lacy}, M. and {Surace}, J. and {Webb}, T.},
	Date-Added = {2014-08-04 12:09:19 -0700},
	Date-Modified = {2014-08-04 12:09:22 -0700},
	Doi = {10.1111/j.1365-2966.2012.21984.x},
	Eprint = {1208.5143},
	Journal = {\mnras},
	Keywords = {galaxies: clusters: general, galaxies: evolution, galaxies: high-redshift, cosmology: observations},
	Month = nov,
	Pages = {550-568},
	Primaryclass = {astro-ph.CO},
	Title = {{Evidence for significant growth in the stellar mass of brightest cluster galaxies over the past 10 billion years}},
	Volume = 427,
	Year = 2012,
	Bdsk-Url-1 = {http://dx.doi.org/10.1111/j.1365-2966.2012.21984.x}}

@article{van-der-Burg:2014bs,
	Adsnote = {Provided by the SAO/NASA Astrophysics Data System},
	Adsurl = {http://adsabs.harvard.edu/abs/2014A%26A...561A..79V},
	Archiveprefix = {arXiv},
	Author = {{van der Burg}, R.~F.~J. and {Muzzin}, A. and {Hoekstra}, H. and {Wilson}, G. and {Lidman}, C. and {Yee}, H.~K.~C.},
	Date-Added = {2014-08-04 12:04:42 -0700},
	Date-Modified = {2014-08-04 12:04:43 -0700},
	Doi = {10.1051/0004-6361/201322771},
	Eid = {A79},
	Eprint = {1310.0020},
	Journal = {\aap},
	Keywords = {galaxies: clusters: general, galaxies: evolution, galaxies: photometry},
	Month = jan,
	Pages = {A79},
	Primaryclass = {astro-ph.CO},
	Title = {{A census of stellar mass in ten massive haloes at z \~{} 1 from the GCLASS Survey}},
	Volume = 561,
	Year = 2014,
	Bdsk-Url-1 = {http://dx.doi.org/10.1051/0004-6361/201322771}}

@article{van-der-Burg:2013zn,
	Adsnote = {Provided by the SAO/NASA Astrophysics Data System},
	Adsurl = {http://adsabs.harvard.edu/abs/2013A%26A...557A..15V},
	Archiveprefix = {arXiv},
	Author = {{van der Burg}, R.~F.~J. and {Muzzin}, A. and {Hoekstra}, H. and {Lidman}, C. and {Rettura}, A. and {Wilson}, G. and {Yee}, H.~K.~C. and {Hildebrandt}, H. and {Marchesini}, D. and {Stefanon}, M. and {Demarco}, R. and {Kuijken}, K.},
	Doi = {10.1051/0004-6361/201321237},
	Eid = {A15},
	Eprint = {1304.5525},
	Journal = {\aap},
	Keywords = {galaxies: clusters: general, galaxies: luminosity function, mass function, galaxies: evolution, galaxies: photometry},
	Month = sep,
	Pages = {A15},
	Primaryclass = {astro-ph.CO},
	Title = {{The environmental dependence of the stellar mass function at z \~{} 1. Comparing cluster and field between the GCLASS and UltraVISTA surveys}},
	Volume = 557,
	Year = 2013,
	Bdsk-Url-1 = {http://dx.doi.org/10.1051/0004-6361/201321237}}

@article{Noble:2013vh,
	Adsnote = {Provided by the SAO/NASA Astrophysics Data System},
	Adsurl = {http://adsabs.harvard.edu/abs/2013ApJ...768..118N},
	Archiveprefix = {arXiv},
	Author = {{Noble}, A.~G. and {Webb}, T.~M.~A. and {Muzzin}, A. and {Wilson}, G. and {Yee}, H.~K.~C. and {van der Burg}, R.~F.~J.},
	Date-Added = {2014-08-04 12:02:47 -0700},
	Date-Modified = {2014-08-04 12:02:49 -0700},
	Doi = {10.1088/0004-637X/768/2/118},
	Eid = {118},
	Eprint = {1303.4997},
	Journal = {\apj},
	Keywords = {galaxies: clusters: general, galaxies: clusters: individual: SpARCS J161314+564930, galaxies: high-redshift, galaxies: star formation, infrared: galaxies},
	Month = may,
	Pages = {118},
	Primaryclass = {astro-ph.CO},
	Title = {{A Kinematic Approach to Assessing Environmental Effects: Star-forming Galaxies in a z \~{} 0.9 SpARCS Cluster Using Spitzer 24 {$\mu$}m Observations}},
	Volume = 768,
	Year = 2013,
	Bdsk-Url-1 = {http://dx.doi.org/10.1088/0004-637X/768/2/118}}

@article{Lidman:2013vp,
	Adsnote = {Provided by the SAO/NASA Astrophysics Data System},
	Adsurl = {http://adsabs.harvard.edu/abs/2013MNRAS.433..825L},
	Archiveprefix = {arXiv},
	Author = {{Lidman}, C. and {Iacobuta}, G. and {Bauer}, A.~E. and {Barrientos}, L.~F. and {Cerulo}, P. and {Couch}, W.~J. and {Delaye}, L. and {Demarco}, R. and {Ellingson}, E. and {Faloon}, A.~J. and {Gilbank}, D. and {Huertas-Company}, M. and {Mei}, S. and {Meyers}, J. and {Muzzin}, A. and {Noble}, A. and {Nantais}, J. and {Rettura}, A. and {Rosati}, P. and {S{\'a}nchez-Janssen}, R. and {Strazzullo}, V. and {Webb}, T.~M.~A. and {Wilson}, G. and {Yan}, R. and {Yee}, H.~K.~C.},
	Date-Added = {2014-08-04 12:01:07 -0700},
	Date-Modified = {2014-08-04 12:01:09 -0700},
	Doi = {10.1093/mnras/stt777},
	Eprint = {1305.0882},
	Journal = {\mnras},
	Keywords = {galaxies: clusters: general, galaxies: evolution, galaxies: high-redshift},
	Month = jul,
	Pages = {825-837},
	Primaryclass = {astro-ph.CO},
	Title = {{The importance of major mergers in the build up of stellar mass in brightest cluster galaxies at z = 1}},
	Volume = 433,
	Year = 2013,
	Bdsk-Url-1 = {http://dx.doi.org/10.1093/mnras/stt777}}

@article{Lonsdale:2003ow,
	Adsnote = {Provided by the SAO/NASA Astrophysics Data System},
	Adsurl = {http://adsabs.harvard.edu/abs/2003PASP..115..897L},
	Author = {{Lonsdale}, C.~J. and {Smith}, H.~E. and {Rowan-Robinson}, M. and {Surace}, J. and {Shupe}, D. and {Xu}, C. and {Oliver}, S. and {Padgett}, D. and {Fang}, F. and {Conrow}, T. and {Franceschini}, A. and {Gautier}, N. and {Griffin}, M. and {Hacking}, P. and {Masci}, F. and {Morrison}, G. and {O'Linger}, J. and {Owen}, F. and {P{\'e}rez-Fournon}, I. and {Pierre}, M. and {Puetter}, R. and {Stacey}, G. and {Castro}, S. and {Polletta}, M.~d.~C. and {Farrah}, D. and {Jarrett}, T. and {Frayer}, D. and {Siana}, B. and {Babbedge}, T. and {Dye}, S. and {Fox}, M. and {Gonzalez-Solares}, E. and {Salaman}, M. and {Berta}, S. and {Condon}, J.~J. and {Dole}, H. and {Serjeant}, S.},
	Date-Added = {2014-08-04 11:59:13 -0700},
	Date-Modified = {2014-08-04 11:59:15 -0700},
	Doi = {10.1086/376850},
	Eprint = {astro-ph/0305375},
	Journal = {\pasp},
	Keywords = {Surveys, Galaxies: Evolution, Galaxies: Active, Cosmology: Large-Scale Structure of Universe, infrared: galaxies},
	Month = aug,
	Pages = {897-927},
	Title = {{SWIRE: The SIRTF Wide-Area Infrared Extragalactic Survey}},
	Volume = 115,
	Year = 2003,
	Bdsk-Url-1 = {http://dx.doi.org/10.1086/376850}}

@article{Demarco:2010om,
	Adsnote = {Provided by the SAO/NASA Astrophysics Data System},
	Adsurl = {http://adsabs.harvard.edu/abs/2010ApJ...711.1185D},
	Archiveprefix = {arXiv},
	Author = {{Demarco}, R. and {Wilson}, G. and {Muzzin}, A. and {Lacy}, M. and {Surace}, J. and {Yee}, H.~K.~C. and {Hoekstra}, H. and {Blindert}, K. and {Gilbank}, D.},
	Date-Added = {2014-08-04 11:58:02 -0700},
	Date-Modified = {2014-08-04 11:58:03 -0700},
	Doi = {10.1088/0004-637X/711/2/1185},
	Eprint = {1002.0160},
	Journal = {\apj},
	Keywords = {galaxies: clusters: general, galaxies: clusters: individual: SpARCS J161315+564930 SpARCS J161037+552417 SpARCS J161641+554513, galaxies: evolution, galaxies: formation},
	Month = mar,
	Pages = {1185-1197},
	Primaryclass = {astro-ph.CO},
	Title = {{Spectroscopic Confirmation of Three Red-sequence Selected Galaxy Clusters at z = 0.87, 1.16, and 1.21 from the SpARCS Survey}},
	Volume = 711,
	Year = 2010,
	Bdsk-Url-1 = {http://dx.doi.org/10.1088/0004-637X/711/2/1185}}

@article{Wilson:2009ws,
	Adsnote = {Provided by the SAO/NASA Astrophysics Data System},
	Adsurl = {http://adsabs.harvard.edu/abs/2009ApJ...698.1943W},
	Archiveprefix = {arXiv},
	Author = {{Wilson}, G. and {Muzzin}, A. and {Yee}, H.~K.~C. and {Lacy}, M. and {Surace}, J. and {Gilbank}, D. and {Blindert}, K. and {Hoekstra}, H. and {Majumdar}, S. and {Demarco}, R. and {Gardner}, J.~P. and {Gladders}, M.~D. and {Lonsdale}, C.},
	Date-Added = {2014-08-04 11:57:11 -0700},
	Date-Modified = {2014-08-04 11:57:12 -0700},
	Doi = {10.1088/0004-637X/698/2/1943},
	Eprint = {0810.0036},
	Journal = {\apj},
	Keywords = {cosmology: observations, galaxies: clusters: general, galaxies: high-redshift, infrared: galaxies, surveys},
	Month = jun,
	Pages = {1943-1950},
	Title = {{Spectroscopic Confirmation of a Massive Red-Sequence-Selected Galaxy Cluster at z = 1.34 in the SpARCS-South Cluster Survey}},
	Volume = 698,
	Year = 2009,
	Bdsk-Url-1 = {http://dx.doi.org/10.1088/0004-637X/698/2/1943}}

@article{Muzzin:2009jm,
	Adsnote = {Provided by the SAO/NASA Astrophysics Data System},
	Adsurl = {http://adsabs.harvard.edu/abs/2009ApJ...698.1934M},
	Archiveprefix = {arXiv},
	Author = {{Muzzin}, A. and {Wilson}, G. and {Yee}, H.~K.~C. and {Hoekstra}, H. and {Gilbank}, D. and {Surace}, J. and {Lacy}, M. and {Blindert}, K. and {Majumdar}, S. and {Demarco}, R. and {Gardner}, J.~P. and {Gladders}, M. and {Lonsdale}, C.},
	Date-Added = {2014-08-04 11:55:47 -0700},
	Date-Modified = {2014-08-04 11:55:47 -0700},
	Doi = {10.1088/0004-637X/698/2/1934},
	Eprint = {0810.0005},
	Journal = {\apj},
	Keywords = {infrared: galaxies},
	Month = jun,
	Pages = {1934-1942},
	Title = {{Spectroscopic Confirmation of Two Massive Red-Sequence-Selected Galaxy Clusters at z \~{} 1.2 in the SpARCS-North Cluster Survey}},
	Volume = 698,
	Year = 2009,
	Bdsk-Url-1 = {http://dx.doi.org/10.1088/0004-637X/698/2/1934}}

@article{Woo:2013nq,
	Adsnote = {Provided by the SAO/NASA Astrophysics Data System},
	Adsurl = {http://adsabs.harvard.edu/abs/2013MNRAS.428.3306W},
	Archiveprefix = {arXiv},
	Author = {{Woo}, J. and {Dekel}, A. and {Faber}, S.~M. and {Noeske}, K. and {Koo}, D.~C. and {Gerke}, B.~F. and {Cooper}, M.~C. and {Salim}, S. and {Dutton}, A.~A. and {Newman}, J. and {Weiner}, B.~J. and {Bundy}, K. and {Willmer}, C.~N.~A. and {Davis}, M. and {Yan}, R.},
	Date-Added = {2014-08-04 11:54:03 -0700},
	Date-Modified = {2014-08-04 11:54:04 -0700},
	Doi = {10.1093/mnras/sts274},
	Eprint = {1203.1625},
	Journal = {\mnras},
	Keywords = {galaxies: evolution, galaxies: groups: general, galaxies: haloes, galaxies: star formation},
	Month = feb,
	Pages = {3306-3326},
	Primaryclass = {astro-ph.CO},
	Title = {{Dependence of galaxy quenching on halo mass and distance from its centre}},
	Volume = 428,
	Year = 2013,
	Bdsk-Url-1 = {http://dx.doi.org/10.1093/mnras/sts274}}

@article{Quadri:2012hk,
	Adsnote = {Provided by the SAO/NASA Astrophysics Data System},
	Adsurl = {http://adsabs.harvard.edu/abs/2012ApJ...744...88Q},
	Archiveprefix = {arXiv},
	Author = {{Quadri}, R.~F. and {Williams}, R.~J. and {Franx}, M. and {Hildebrandt}, H.},
	Date-Added = {2014-08-04 11:52:47 -0700},
	Date-Modified = {2014-08-04 11:52:47 -0700},
	Doi = {10.1088/0004-637X/744/2/88},
	Eid = {88},
	Eprint = {1104.1426},
	Journal = {\apj},
	Keywords = {galaxies: clusters: general, galaxies: evolution, galaxies: high-redshift, large-scale structure of universe},
	Month = jan,
	Pages = {88},
	Primaryclass = {astro-ph.CO},
	Title = {{Tracing the Star-formation-Density Relation to z \~{} 2}},
	Volume = 744,
	Year = 2012,
	Bdsk-Url-1 = {http://dx.doi.org/10.1088/0004-637X/744/2/88}}

@article{Peng:2010vp,
	Adsnote = {Provided by the SAO/NASA Astrophysics Data System},
	Adsurl = {http://adsabs.harvard.edu/abs/2010ApJ...721..193P},
	Archiveprefix = {arXiv},
	Author = {{Peng}, Y.-j. and {Lilly}, S.~J. and {Kova{\v c}}, K. and {Bolzonella}, M. and {Pozzetti}, L. and {Renzini}, A. and {Zamorani}, G. and {Ilbert}, O. and {Knobel}, C. and {Iovino}, A. and {Maier}, C. and {Cucciati}, O. and {Tasca}, L. and {Carollo}, C.~M. and {Silverman}, J. and {Kampczyk}, P. and {de Ravel}, L. and {Sanders}, D. and {Scoville}, N. and {Contini}, T. and {Mainieri}, V. and {Scodeggio}, M. and {Kneib}, J.-P. and {Le F{\`e}vre}, O. and {Bardelli}, S. and {Bongiorno}, A. and {Caputi}, K. and {Coppa}, G. and {de la Torre}, S. and {Franzetti}, P. and {Garilli}, B. and {Lamareille}, F. and {Le Borgne}, J.-F. and {Le Brun}, V. and {Mignoli}, M. and {Perez Montero}, E. and {Pello}, R. and {Ricciardelli}, E. and {Tanaka}, M. and {Tresse}, L. and {Vergani}, D. and {Welikala}, N. and {Zucca}, E. and {Oesch}, P. and {Abbas}, U. and {Barnes}, L. and {Bordoloi}, R. and {Bottini}, D. and {Cappi}, A. and {Cassata}, P. and {Cimatti}, A. and {Fumana}, M. and {Hasinger}, G. and {Koekemoer}, A. and {Leauthaud}, A. and {Maccagni}, D. and {Marinoni}, C. and {McCracken}, H. and {Memeo}, P. and {Meneux}, B. and {Nair}, P. and {Porciani}, C. and {Presotto}, V. and {Scaramella}, R.},
	Date-Added = {2014-08-04 11:51:03 -0700},
	Date-Modified = {2014-08-04 11:51:05 -0700},
	Doi = {10.1088/0004-637X/721/1/193},
	Eprint = {1003.4747},
	Journal = {\apj},
	Keywords = {cosmology: observations, galaxies: active, galaxies: distances and redshifts, galaxies: evolution},
	Month = sep,
	Pages = {193-221},
	Primaryclass = {astro-ph.CO},
	Title = {{Mass and Environment as Drivers of Galaxy Evolution in SDSS and zCOSMOS and the Origin of the Schechter Function}},
	Volume = 721,
	Year = 2010,
	Bdsk-Url-1 = {http://dx.doi.org/10.1088/0004-637X/721/1/193}}

@article{Rettura:2014tt,
	Adsnote = {Provided by the SAO/NASA Astrophysics Data System},
	Adsurl = {http://adsabs.harvard.edu/abs/2014ApJ...797..109R},
	Archiveprefix = {arXiv},
	Author = {{Rettura}, A. and {Martinez-Manso}, J. and {Stern}, D. and {Mei}, S. and {Ashby}, M.~L.~N. and {Brodwin}, M. and {Gettings}, D. and {Gonzalez}, A.~H. and {Stanford}, S.~A. and {Bartlett}, J.~G.},
	Doi = {10.1088/0004-637X/797/2/109},
	Eid = {109},
	Eprint = {1404.0023},
	Journal = {\apj},
	Keywords = {cosmology: observations, galaxies: clusters: general, galaxies: high-redshift, galaxies: statistics, infrared: galaxies, large-scale structure of universe},
	Month = dec,
	Pages = {109},
	Title = {{Candidate Clusters of Galaxies at z {\gt} 1.3 Identified in the Spitzer South Pole Telescope Deep Field Survey}},
	Volume = 797,
	Year = 2014,
	Bdsk-Url-1 = {http://dx.doi.org/10.1088/0004-637X/797/2/109}}

@article{Williams:2009tt,
	Adsnote = {Provided by the SAO/NASA Astrophysics Data System},
	Adsurl = {http://adsabs.harvard.edu/abs/2009ApJ...691.1879W},
	Archiveprefix = {arXiv},
	Author = {{Williams}, R.~J. and {Quadri}, R.~F. and {Franx}, M. and {van Dokkum}, P. and {Labb{\'e}}, I.},
	Date-Added = {2014-07-01 15:07:51 -0700},
	Date-Modified = {2014-07-01 15:07:55 -0700},
	Doi = {10.1088/0004-637X/691/2/1879},
	Eprint = {0806.0625},
	Journal = {\apj},
	Keywords = {cosmology: observations, galaxies: evolution, galaxies: high-redshift, infrared: galaxies},
	Month = feb,
	Pages = {1879-1895},
	Title = {{Detection of Quiescent Galaxies in a Bicolor Sequence from Z = 0-2}},
	Volume = 691,
	Year = 2009,
	Bdsk-Url-1 = {http://dx.doi.org/10.1088/0004-637X/691/2/1879}}

@article{Ellis:1997lk,
	Adsnote = {Provided by the SAO/NASA Astrophysics Data System},
	Adsurl = {http://adsabs.harvard.edu/abs/1997ApJ...483..582E},
	Author = {{Ellis}, R.~S. and {Smail}, I. and {Dressler}, A. and {Couch}, W.~J. and {Oemler}, Jr., A. and {Butcher}, H. and {Sharples}, R.~M.},
	Date-Added = {2014-03-31 15:38:29 -0700},
	Date-Modified = {2014-03-31 15:38:30 -0700},
	Doi = {10.1086/304261},
	Eprint = {astro-ph/9607154},
	Journal = {\apj},
	Keywords = {COSMOLOGY: OBSERVATIONS, GALAXIES: CLUSTERS: GENERAL, GALAXIES: EVOLUTION, GALAXIES: PHOTOMETRY},
	Month = jul,
	Pages = {582},
	Title = {{The Homogeneity of Spheroidal Populations in Distant Clusters}},
	Volume = 483,
	Year = 1997,
	Bdsk-Url-1 = {http://dx.doi.org/10.1086/304261}}

@article{Bruzual:2003ge,
	Adsnote = {Provided by the SAO/NASA Astrophysics Data System},
	Adsurl = {http://adsabs.harvard.edu/abs/2003MNRAS.344.1000B},
	Author = {{Bruzual}, G. and {Charlot}, S.},
	Date-Added = {2014-03-25 14:07:54 -0700},
	Date-Modified = {2014-03-25 14:07:55 -0700},
	Doi = {10.1046/j.1365-8711.2003.06897.x},
	Eprint = {astro-ph/0309134},
	Journal = {\mnras},
	Keywords = {stars: evolution, galaxies: evolution, galaxies: formation, galaxies: stellar content},
	Month = oct,
	Pages = {1000-1028},
	Title = {{Stellar population synthesis at the resolution of 2003}},
	Volume = 344,
	Year = 2003,
	Bdsk-Url-1 = {http://dx.doi.org/10.1046/j.1365-8711.2003.06897.x}}

@article{Wilson:2006zc,
	Adsnote = {Provided by the SAO/NASA Astrophysics Data System},
	Adsurl = {http://adsabs.harvard.edu/abs/2006astro.ph..4289W},
	Author = {{Wilson}, G. and {Muzzin}, A. and {Lacy}, M. and {Yee}, H. and {Surace}, J. and {Lonsdale}, C. and {Hoekstra}, H. and {Majumdar}, S. and {Gilbank}, D. and {Gladders}, M.},
	Date-Added = {2014-03-25 13:42:37 -0700},
	Date-Modified = {2014-03-25 13:42:38 -0700},
	Eprint = {astro-ph/0604289},
	Journal = {ArXiv Astrophysics e-prints},
	Keywords = {Astrophysics},
	Month = apr,
	Title = {{Clusters of Galaxies at 1 {\lt} z {\lt} 2 : The Spitzer Adaptation of the Red-Sequence Cluster Survey}},
	Year = 2006}

@article{Gladders:2005dp,
	Adsnote = {Provided by the SAO/NASA Astrophysics Data System},
	Adsurl = {http://adsabs.harvard.edu/abs/2005ApJS..157....1G},
	Author = {{Gladders}, M.~D. and {Yee}, H.~K.~C.},
	Date-Added = {2014-03-25 13:40:13 -0700},
	Date-Modified = {2014-03-25 13:40:14 -0700},
	Doi = {10.1086/427327},
	Eprint = {astro-ph/0411075},
	Journal = {\apjs},
	Keywords = {Galaxies: Clusters: General, Methods: Statistical, Surveys},
	Month = mar,
	Pages = {1-29},
	Title = {{The Red-Sequence Cluster Survey. I. The Survey and Cluster Catalogs for Patches RCS 0926+37 and RCS 1327+29}},
	Volume = 157,
	Year = 2005,
	Bdsk-Url-1 = {http://dx.doi.org/10.1086/427327}}

@article{Hasselfield:2013bs,
	Adsnote = {Provided by the SAO/NASA Astrophysics Data System},
	Adsurl = {http://adsabs.harvard.edu/abs/2013JCAP...07..008H},
	Archiveprefix = {arXiv},
	Author = {{Hasselfield}, M. and {Hilton}, M. and {Marriage}, T.~A. and {Addison}, G.~E. and {Barrientos}, L.~F. and {Battaglia}, N. and {Battistelli}, E.~S. and {Bond}, J.~R. and {Crichton}, D. and {Das}, S. and {Devlin}, M.~J. and {Dicker}, S.~R. and {Dunkley}, J. and {D{\"u}nner}, R. and {Fowler}, J.~W. and {Gralla}, M.~B. and {Hajian}, A. and {Halpern}, M. and {Hincks}, A.~D. and {Hlozek}, R. and {Hughes}, J.~P. and {Infante}, L. and {Irwin}, K.~D. and {Kosowsky}, A. and {Marsden}, D. and {Menanteau}, F. and {Moodley}, K. and {Niemack}, M.~D. and {Nolta}, M.~R. and {Page}, L.~A. and {Partridge}, B. and {Reese}, E.~D. and {Schmitt}, B.~L. and {Sehgal}, N. and {Sherwin}, B.~D. and {Sievers}, J. and {Sif{\'o}n}, C. and {Spergel}, D.~N. and {Staggs}, S.~T. and {Swetz}, D.~S. and {Switzer}, E.~R. and {Thornton}, R. and {Trac}, H. and {Wollack}, E.~J.},
	Date-Added = {2014-03-25 12:47:20 -0700},
	Date-Modified = {2014-03-25 12:47:20 -0700},
	Doi = {10.1088/1475-7516/2013/07/008},
	Eid = {008},
	Eprint = {1301.0816},
	Journal = {\jcap},
	Month = jul,
	Pages = {8},
	Primaryclass = {astro-ph.CO},
	Title = {{The Atacama Cosmology Telescope: Sunyaev-Zel'dovich selected galaxy clusters at 148 GHz from three seasons of data}},
	Volume = 7,
	Year = 2013,
	Bdsk-Url-1 = {http://dx.doi.org/10.1088/1475-7516/2013/07/008}}

@article{Reichardt:2013zn,
	Adsnote = {Provided by the SAO/NASA Astrophysics Data System},
	Adsurl = {http://adsabs.harvard.edu/abs/2013ApJ...763..127R},
	Archiveprefix = {arXiv},
	Author = {{Reichardt}, C.~L. and {Stalder}, B. and {Bleem}, L.~E. and {Montroy}, T.~E. and {Aird}, K.~A. and {Andersson}, K. and {Armstrong}, R. and {Ashby}, M.~L.~N. and {Bautz}, M. and {Bayliss}, M. and {Bazin}, G. and {Benson}, B.~A. and {Brodwin}, M. and {Carlstrom}, J.~E. and {Chang}, C.~L. and {Cho}, H.~M. and {Clocchiatti}, A. and {Crawford}, T.~M. and {Crites}, A.~T. and {de Haan}, T. and {Desai}, S. and {Dobbs}, M.~A. and {Dudley}, J.~P. and {Foley}, R.~J. and {Forman}, W.~R. and {George}, E.~M. and {Gladders}, M.~D. and {Gonzalez}, A.~H. and {Halverson}, N.~W. and {Harrington}, N.~L. and {High}, F.~W. and {Holder}, G.~P. and {Holzapfel}, W.~L. and {Hoover}, S. and {Hrubes}, J.~D. and {Jones}, C. and {Joy}, M. and {Keisler}, R. and {Knox}, L. and {Lee}, A.~T. and {Leitch}, E.~M. and {Liu}, J. and {Lueker}, M. and {Luong-Van}, D. and {Mantz}, A. and {Marrone}, D.~P. and {McDonald}, M. and {McMahon}, J.~J. and {Mehl}, J. and {Meyer}, S.~S. and {Mocanu}, L. and {Mohr}, J.~J. and {Murray}, S.~S. and {Natoli}, T. and {Padin}, S. and {Plagge}, T. and {Pryke}, C. and {Rest}, A. and {Ruel}, J. and {Ruhl}, J.~E. and {Saliwanchik}, B.~R. and {Saro}, A. and {Sayre}, J.~T. and {Schaffer}, K.~K. and {Shaw}, L. and {Shirokoff}, E. and {Song}, J. and {Spieler}, H.~G. and {Staniszewski}, Z. and {Stark}, A.~A. and {Story}, K. and {Stubbs}, C.~W. and {{\v S}uhada}, R. and {van Engelen}, A. and {Vanderlinde}, K. and {Vieira}, J.~D. and {Vikhlinin}, A. and {Williamson}, R. and {Zahn}, O. and {Zenteno}, A.},
	Date-Added = {2014-03-25 12:42:42 -0700},
	Date-Modified = {2014-03-25 12:42:45 -0700},
	Doi = {10.1088/0004-637X/763/2/127},
	Eid = {127},
	Eprint = {1203.5775},
	Journal = {\apj},
	Keywords = {cosmic background radiation, cosmology: observations, galaxies: clusters: individual, large-scale structure of universe},
	Month = feb,
	Pages = {127},
	Primaryclass = {astro-ph.CO},
	Title = {{Galaxy Clusters Discovered via the Sunyaev-Zel'dovich Effect in the First 720 Square Degrees of the South Pole Telescope Survey}},
	Volume = 763,
	Year = 2013,
	Bdsk-Url-1 = {http://dx.doi.org/10.1088/0004-637X/763/2/127}}

@article{Planck-Collaboration:2013vh,
	Adsnote = {Provided by the SAO/NASA Astrophysics Data System},
	Adsurl = {http://adsabs.harvard.edu/abs/2013arXiv1303.5089P},
	Archiveprefix = {arXiv},
	Author = {{Planck Collaboration} and {Ade}, P.~A.~R. and {Aghanim}, N. and {Armitage-Caplan}, C. and {Arnaud}, M. and {Ashdown}, M. and {Atrio-Barandela}, F. and {Aumont}, J. and {Aussel}, H. and {Baccigalupi}, C. and et al.},
	Date-Added = {2014-03-25 12:41:42 -0700},
	Date-Modified = {2014-03-25 12:41:48 -0700},
	Eprint = {1303.5089},
	Journal = {ArXiv e-prints},
	Keywords = {Astrophysics - Cosmology and Extragalactic Astrophysics},
	Month = mar,
	Primaryclass = {astro-ph.CO},
	Title = {{Planck 2013 results. XXIX. Planck catalogue of Sunyaev-Zeldovich sources}},
	Year = 2013}

@article{Romer:2000vp,
	Adsnote = {Provided by the SAO/NASA Astrophysics Data System},
	Adsurl = {http://adsabs.harvard.edu/abs/2000ApJS..126..209R},
	Author = {{Romer}, A.~K. and {Nichol}, R.~C. and {Holden}, B.~P. and {Ulmer}, M.~P. and {Pildis}, R.~A. and {Merrelli}, A.~J. and {Adami}, C. and {Burke}, D.~J. and {Collins}, C.~A. and {Metevier}, A.~J. and {Kron}, R.~G. and {Commons}, K.},
	Date-Added = {2014-03-25 12:37:41 -0700},
	Date-Modified = {2014-03-25 12:37:42 -0700},
	Doi = {10.1086/313302},
	Eprint = {astro-ph/9907401},
	Journal = {\apjs},
	Keywords = {CATALOGS, GALAXIES: CLUSTERS: GENERAL, GALAXIES: DISTANCES AND REDSHIFTS, SURVEYS, X-RAYS: GALAXIES},
	Month = feb,
	Pages = {209-269},
	Title = {{The Bright SHARC Survey: The Cluster Catalog}},
	Volume = 126,
	Year = 2000,
	Bdsk-Url-1 = {http://dx.doi.org/10.1086/313302}}

@article{de-Grandi:1999sj,
	Adsnote = {Provided by the SAO/NASA Astrophysics Data System},
	Adsurl = {http://adsabs.harvard.edu/abs/1999ApJ...514..148D},
	Author = {{de Grandi}, S. and {B{\"o}hringer}, H. and {Guzzo}, L. and {Molendi}, S. and {Chincarini}, G. and {Collins}, C. and {Cruddace}, R. and {Neumann}, D. and {Schindler}, S. and {Schuecker}, P. and {Voges}, W.},
	Date-Added = {2014-03-25 12:37:04 -0700},
	Date-Modified = {2014-03-25 12:37:06 -0700},
	Doi = {10.1086/306939},
	Eprint = {astro-ph/9902067},
	Journal = {\apj},
	Keywords = {GALAXIES: CLUSTERS: GENERAL, SURVEYS, X-RAYS: GALAXIES},
	Month = mar,
	Pages = {148-163},
	Title = {{A Flux-limited Sample of Bright Clusters of Galaxies from the Southern Part of the ROSAT All-Sky Survey: The Catalog and LOG N-LOG S}},
	Volume = 514,
	Year = 1999,
	Bdsk-Url-1 = {http://dx.doi.org/10.1086/306939}}

@article{Vikhlinin:1998ow,
	Adsnote = {Provided by the SAO/NASA Astrophysics Data System},
	Adsurl = {http://adsabs.harvard.edu/abs/1998ApJ...502..558V},
	Author = {{Vikhlinin}, A. and {McNamara}, B.~R. and {Forman}, W. and {Jones}, C. and {Quintana}, H. and {Hornstrup}, A.},
	Date-Added = {2014-03-25 12:35:54 -0700},
	Date-Modified = {2014-03-25 12:35:55 -0700},
	Doi = {10.1086/305951},
	Eprint = {astro-ph/9803099},
	Journal = {\apj},
	Keywords = {CATALOGS, GALAXIES: CLUSTERS: GENERAL, SURVEYS, X-RAYS: GALAXIES},
	Month = aug,
	Pages = {558},
	Title = {{A Catalog of 200 Galaxy Clusters Serendipitously Detected in the ROSAT PSPC Pointed Observations}},
	Volume = 502,
	Year = 1998,
	Bdsk-Url-1 = {http://dx.doi.org/10.1086/305951}}

@article{Rosati:1998om,
	Adsnote = {Provided by the SAO/NASA Astrophysics Data System},
	Adsurl = {http://adsabs.harvard.edu/abs/1998ApJ...492L..21R},
	Author = {{Rosati}, P. and {della Ceca}, R. and {Norman}, C. and {Giacconi}, R.},
	Date-Added = {2014-03-25 12:35:19 -0700},
	Date-Modified = {2014-03-25 12:35:20 -0700},
	Doi = {10.1086/311085},
	Eprint = {astro-ph/9710308},
	Journal = {\apjl},
	Keywords = {GALAXIES: CLUSTERS: GENERAL, X-RAYS: GENERAL, COSMOLOGY: OBSERVATIONS},
	Month = jan,
	Pages = {L21},
	Title = {{The ROSAT Deep Cluster Survey: The X-Ray Luminosity Function Out to z=0.8}},
	Volume = 492,
	Year = 1998,
	Bdsk-Url-1 = {http://dx.doi.org/10.1086/311085}}

@article{Scharf:1997ws,
	Adsnote = {Provided by the SAO/NASA Astrophysics Data System},
	Adsurl = {http://adsabs.harvard.edu/abs/1997ApJ...477...79S},
	Author = {{Scharf}, C.~A. and {Jones}, L.~R. and {Ebeling}, H. and {Perlman}, E. and {Malkan}, M. and {Wegner}, G.},
	Date-Added = {2014-03-25 12:34:47 -0700},
	Date-Modified = {2014-03-25 12:34:47 -0700},
	Doi = {10.1086/303698},
	Eprint = {astro-ph/9608200},
	Journal = {\apj},
	Keywords = {GALAXIES: CLUSTERS: GENERAL, METHODS: NUMERICAL, SURVEYS, X-RAYS: GALAXIES},
	Month = mar,
	Pages = {79},
	Title = {{The Wide-Angle ROSAT Pointed X-Ray Survey of Galaxies, Groups, and Clusters. I. Method and First Results}},
	Volume = 477,
	Year = 1997,
	Bdsk-Url-1 = {http://dx.doi.org/10.1086/303698}}

@article{Gioia:1994jm,
	Adsnote = {Provided by the SAO/NASA Astrophysics Data System},
	Adsurl = {http://adsabs.harvard.edu/abs/1994ApJS...94..583G},
	Author = {{Gioia}, I.~M. and {Luppino}, G.~A.},
	Date-Added = {2014-03-25 12:34:12 -0700},
	Date-Modified = {2014-03-25 12:34:13 -0700},
	Doi = {10.1086/192083},
	Eprint = {astro-ph/9405069},
	Journal = {\apjs},
	Keywords = {Galactic Clusters, Gravitational Lenses, Sky Surveys (Astronomy), X Ray Astronomy, Charge Coupled Devices, Heao 2, Radio Sources (Astronomy), Red Shift, Stellar Luminosity, X Ray Spectra},
	Month = oct,
	Pages = {583-614},
	Title = {{The EMSS catalog of X-ray-selected clusters of galaxies. 1: an atlas of CCD images of 41 distant clusters}},
	Volume = 94,
	Year = 1994,
	Bdsk-Url-1 = {http://dx.doi.org/10.1086/192083}}

@article{Gal:2000lo,
	Adsnote = {Provided by the SAO/NASA Astrophysics Data System},
	Adsurl = {http://adsabs.harvard.edu/abs/2000AJ....119...12G},
	Author = {{Gal}, R.~R. and {de Carvalho}, R.~R. and {Odewahn}, S.~C. and {Djorgovski}, S.~G. and {Margoniner}, V.~E.},
	Date-Added = {2014-03-25 12:28:22 -0700},
	Date-Modified = {2014-03-25 12:28:23 -0700},
	Doi = {10.1086/301185},
	Eprint = {astro-ph/9910173},
	Journal = {\aj},
	Keywords = {CATALOGS, GALAXIES: CLUSTERS: GENERAL, COSMOLOGY: LARGE-SCALE STRUCTURE OF UNIVERSE, SURVEYS},
	Month = jan,
	Pages = {12-20},
	Title = {{The Northern Sky Optical Cluster Survey. I. Detection of Galaxy Clusters in DPOSS}},
	Volume = 119,
	Year = 2000,
	Bdsk-Url-1 = {http://dx.doi.org/10.1086/301185}}

@article{Scodeggio:1999gq,
	Adsnote = {Provided by the SAO/NASA Astrophysics Data System},
	Adsurl = {http://adsabs.harvard.edu/abs/1999A%26AS..137...83S},
	Author = {{Scodeggio}, M. and {Olsen}, L.~F. and {da Costa}, L. and {Slijkhuis}, R. and {Benoist}, C. and {Deul}, E. and {Erben}, T. and {Hook}, R. and {Nonino}, M. and {Wicenec}, A. and {Zaggia}, S.},
	Date-Added = {2014-03-25 12:27:41 -0700},
	Date-Modified = {2014-03-25 12:27:41 -0700},
	Doi = {10.1051/aas:1999477},
	Eprint = {astro-ph/9807336},
	Journal = {\aaps},
	Keywords = {GALAXIES: CLUSTERS: GENERAL, LARGE-SCALE STRUCTURE OF THE UNIVERSE, COSMOLOGY: OBSERVATIONS, SURVEYS},
	Month = may,
	Pages = {83-92},
	Title = {{ESO Imaging Survey. VII. Distant cluster candidates over 12 square degrees}},
	Volume = 137,
	Year = 1999,
	Bdsk-Url-1 = {http://dx.doi.org/10.1051/aas:1999477}}

@article{Ostrander:1998fx,
	Adsnote = {Provided by the SAO/NASA Astrophysics Data System},
	Adsurl = {http://adsabs.harvard.edu/abs/1998AJ....116.2644O},
	Author = {{Ostrander}, E.~J. and {Nichol}, R.~C. and {Ratnatunga}, K.~U. and {Griffiths}, R.~E.},
	Date-Added = {2014-03-25 12:26:58 -0700},
	Date-Modified = {2014-03-25 12:27:00 -0700},
	Doi = {10.1086/300627},
	Eprint = {astro-ph/9808304},
	Journal = {\aj},
	Keywords = {CATALOGS, COSMOLOGY: OBSERVATIONS, GALAXIES: CLUSTERS: GENERAL, GALAXIES: CLUSTERS: INDIVIDUAL: ALPHANUMERIC: CL 0016+16, GALAXIES: CLUSTERS: INDIVIDUAL: ALPHANUMERIC: RX J0018.3-1618, GALAXIES: CLUSTERS: INDIVIDUAL: ALPHANUMERIC: RX J0018.8-1602, GALAXIES: EVOLUTION},
	Month = dec,
	Pages = {2644-2658},
	Title = {{The Hubble Space Telescope Medium Deep Survey Cluster Sample: Methodology and Data}},
	Volume = 116,
	Year = 1998,
	Bdsk-Url-1 = {http://dx.doi.org/10.1086/300627}}

@article{Zaritsky:1997rq,
	Adsnote = {Provided by the SAO/NASA Astrophysics Data System},
	Adsurl = {http://adsabs.harvard.edu/abs/1997ApJ...480L..91Z},
	Author = {{Zaritsky}, D. and {Nelson}, A.~E. and {Dalcanton}, J.~J. and {Gonzalez}, A.~H.},
	Date-Added = {2014-03-25 12:26:24 -0700},
	Date-Modified = {2014-03-25 12:26:26 -0700},
	Doi = {10.1086/310625},
	Eprint = {astro-ph/9612021},
	Journal = {\apjl},
	Keywords = {COSMOLOGY: OBSERVATIONS, GALAXIES: CLUSTERS: GENERAL, GALAXIES: DISTANCES AND REDSHIFTS},
	Month = may,
	Pages = {L91},
	Title = {{Distant Galaxy Clusters Identified from Optical Background Fluctuations}},
	Volume = 480,
	Year = 1997,
	Bdsk-Url-1 = {http://dx.doi.org/10.1086/310625}}

@article{Dalton:1997qu,
	Adsnote = {Provided by the SAO/NASA Astrophysics Data System},
	Adsurl = {http://adsabs.harvard.edu/abs/1997MNRAS.289..263D},
	Author = {{Dalton}, G.~B. and {Maddox}, S.~J. and {Sutherland}, W.~J. and {Efstathiou}, G.},
	Date-Added = {2014-03-25 12:24:50 -0700},
	Date-Modified = {2014-03-25 12:24:50 -0700},
	Eprint = {astro-ph/9701180},
	Journal = {\mnras},
	Keywords = {CATALOGUES, SURVEYS, GALAXIES: CLUSTERS: GENERAL, LARGE-SCALE STRUCTURE OF UNIVERSE},
	Month = aug,
	Pages = {263-284},
	Title = {{The APM Galaxy Survey - V. Catalogues of galaxy clusters}},
	Volume = 289,
	Year = 1997}

@article{Postman:1996pb,
	Adsnote = {Provided by the SAO/NASA Astrophysics Data System},
	Adsurl = {http://adsabs.harvard.edu/abs/1996AJ....111..615P},
	Author = {{Postman}, M. and {Lubin}, L.~M. and {Gunn}, J.~E. and {Oke}, J.~B. and {Hoessel}, J.~G. and {Schneider}, D.~P. and {Christensen}, J.~A.},
	Date-Added = {2014-03-25 12:24:07 -0700},
	Date-Modified = {2014-03-25 12:24:08 -0700},
	Doi = {10.1086/117811},
	Eprint = {astro-ph/9511011},
	Journal = {\aj},
	Keywords = {SURVEYS,, GALAXIES: CLUSTERING, GALAXIES: DISTANCES AND REDSHIFTS},
	Month = feb,
	Pages = {615},
	Title = {{The Palomar Distant Clusters Survey. I. The Cluster Catalog}},
	Volume = 111,
	Year = 1996,
	Bdsk-Url-1 = {http://dx.doi.org/10.1086/117811}}

@article{Lidman:1996uh,
	Adsnote = {Provided by the SAO/NASA Astrophysics Data System},
	Adsurl = {http://adsabs.harvard.edu/abs/1996AJ....112.2454L},
	Author = {{Lidman}, C.~E. and {Peterson}, B.~A.},
	Date-Added = {2014-03-25 12:23:35 -0700},
	Date-Modified = {2014-03-25 12:23:37 -0700},
	Doi = {10.1086/118195},
	Journal = {\aj},
	Keywords = {GALAXIES: CLUSTERING, CATALOGS, EARLY UNIVERSE},
	Month = dec,
	Pages = {2454},
	Title = {{An Optically Based Search for Distant Galaxy Clusters}},
	Volume = 112,
	Year = 1996,
	Bdsk-Url-1 = {http://dx.doi.org/10.1086/118195}}

@article{Lumsden:1992mo,
	Adsnote = {Provided by the SAO/NASA Astrophysics Data System},
	Adsurl = {http://adsabs.harvard.edu/abs/1992MNRAS.258....1L},
	Author = {{Lumsden}, S.~L. and {Nichol}, R.~C. and {Collins}, C.~A. and {Guzzo}, L.},
	Date-Added = {2014-03-25 12:22:52 -0700},
	Date-Modified = {2014-03-25 12:22:53 -0700},
	Journal = {\mnras},
	Keywords = {Astronomical Catalogs, Galactic Clusters, Magnitude, Statistical Analysis},
	Month = sep,
	Pages = {1-22},
	Title = {{The Edinburgh-Durham Southern Galaxy Catalogue. IV - The Cluster Catalogue}},
	Volume = 258,
	Year = 1992}

@article{Couch:1991jk,
	Adsnote = {Provided by the SAO/NASA Astrophysics Data System},
	Adsurl = {http://adsabs.harvard.edu/abs/1991MNRAS.249..606C},
	Author = {{Couch}, W.~J. and {Ellis}, R.~S. and {MacLaren}, I. and {Malin}, D.~F.},
	Date-Added = {2014-03-25 12:21:20 -0700},
	Date-Modified = {2014-03-25 12:21:27 -0700},
	Journal = {\mnras},
	Keywords = {Astronomical Catalogs, Galactic Clusters, Astronomical Models, Astronomical Photography, Astronomical Spectroscopy, Red Shift, Southern Sky},
	Month = apr,
	Pages = {606-628},
	Title = {{A uniformly selected catalogue of distant galaxy clusters}},
	Volume = 249,
	Year = 1991}

@article{Abell:1989lm,
	Adsnote = {Provided by the SAO/NASA Astrophysics Data System},
	Adsurl = {http://adsabs.harvard.edu/abs/1989ApJS...70....1A},
	Author = {{Abell}, G.~O. and {Corwin}, Jr., H.~G. and {Olowin}, R.~P.},
	Date-Added = {2014-03-25 12:20:37 -0700},
	Date-Modified = {2014-03-25 12:20:37 -0700},
	Doi = {10.1086/191333},
	Journal = {\apjs},
	Keywords = {Astronomical Catalogs, Galactic Clusters, Sky Surveys (Astronomy), Galactic Structure, Luminosity, Red Shift, Schmidt Telescopes, Spatial Distribution},
	Month = may,
	Pages = {1-138},
	Title = {{A catalog of rich clusters of galaxies}},
	Volume = 70,
	Year = 1989,
	Bdsk-Url-1 = {http://dx.doi.org/10.1086/191333}}

@article{Gunn:1986zm,
	Adsnote = {Provided by the SAO/NASA Astrophysics Data System},
	Adsurl = {http://adsabs.harvard.edu/abs/1986ApJ...306...30G},
	Author = {{Gunn}, J.~E. and {Hoessel}, J.~G. and {Oke}, J.~B.},
	Date-Added = {2014-03-25 12:19:49 -0700},
	Date-Modified = {2014-03-25 12:19:52 -0700},
	Doi = {10.1086/164317},
	Journal = {\apj},
	Keywords = {Astronomical Catalogs, Galactic Clusters, Astronomical Photography, Cosmology, Red Shift, Surveys},
	Month = jul,
	Pages = {30-37},
	Title = {{A systematic survey for distant galaxy clusters}},
	Volume = 306,
	Year = 1986,
	Bdsk-Url-1 = {http://dx.doi.org/10.1086/164317}}

@article{Borgani:2002dz,
	Adsnote = {Provided by the SAO/NASA Astrophysics Data System},
	Adsurl = {http://adsabs.harvard.edu/abs/2002MNRAS.336..409B},
	Author = {{Borgani}, S. and {Governato}, F. and {Wadsley}, J. and {Menci}, N. and {Tozzi}, P. and {Quinn}, T. and {Stadel}, J. and {Lake}, G.},
	Date-Added = {2014-01-21 14:49:45 -0800},
	Date-Modified = {2014-01-21 14:49:46 -0800},
	Doi = {10.1046/j.1365-8711.2002.05746.x},
	Eprint = {astro-ph/0205471},
	Journal = {\mnras},
	Keywords = {hydrodynamics, galaxies: clusters: general, cosmology: miscellaneous, X-rays: galaxies},
	Month = oct,
	Pages = {409-424},
	Title = {{The effect of non-gravitational gas heating in groups and clusters of galaxies}},
	Volume = 336,
	Year = 2002,
	Bdsk-Url-1 = {http://dx.doi.org/10.1046/j.1365-8711.2002.05746.x}}

@article{Kay:2003hi,
	Adsnote = {Provided by the SAO/NASA Astrophysics Data System},
	Adsurl = {http://adsabs.harvard.edu/abs/2003MNRAS.343..608K},
	Author = {{Kay}, S.~T. and {Thomas}, P.~A. and {Theuns}, T.},
	Date-Added = {2014-01-15 14:15:18 -0800},
	Date-Modified = {2014-01-15 14:15:20 -0800},
	Doi = {10.1046/j.1365-8711.2003.06711.x},
	Eprint = {astro-ph/0210560},
	Journal = {\mnras},
	Keywords = {hydrodynamics, methods: numerical, galaxies: formation, X-rays: galaxies: clusters},
	Month = aug,
	Pages = {608-618},
	Title = {{The impact of galaxy formation on X-ray groups}},
	Volume = 343,
	Year = 2003,
	Bdsk-Url-1 = {http://dx.doi.org/10.1046/j.1365-8711.2003.06711.x}}

@article{Kay:2003dz,
	Adsnote = {Provided by the SAO/NASA Astrophysics Data System},
	Adsurl = {http://adsabs.harvard.edu/abs/2003MNRAS.343..608K},
	Author = {{Kay}, S.~T. and {Thomas}, P.~A. and {Theuns}, T.},
	Date-Added = {2014-01-07 12:30:16 -0800},
	Date-Modified = {2014-01-07 12:30:17 -0800},
	Doi = {10.1046/j.1365-8711.2003.06711.x},
	Eprint = {astro-ph/0210560},
	Journal = {\mnras},
	Keywords = {hydrodynamics, methods: numerical, galaxies: formation, X-rays: galaxies: clusters},
	Month = aug,
	Pages = {608-618},
	Title = {{The impact of galaxy formation on X-ray groups}},
	Volume = 343,
	Year = 2003,
	Bdsk-Url-1 = {http://dx.doi.org/10.1046/j.1365-8711.2003.06711.x}}

@article{Bower:2001aa,
	Adsnote = {Provided by the SAO/NASA Astrophysics Data System},
	Adsurl = {http://adsabs.harvard.edu/abs/2001MNRAS.325..497B},
	Author = {{Bower}, R.~G. and {Benson}, A.~J. and {Lacey}, C.~G. and {Baugh}, C.~M. and {Cole}, S. and {Frenk}, C.~S.},
	Date-Added = {2013-12-23 23:25:31 +0000},
	Date-Modified = {2013-12-23 23:25:31 +0000},
	Doi = {10.1046/j.1365-8711.2001.04382.x},
	Eprint = {astro-ph/0006109},
	Journal = {\mnras},
	Keywords = {GALAXIES: CLUSTERS: GENERAL, GALAXIES: FORMATION},
	Month = aug,
	Pages = {497-508},
	Title = {{The impact of galaxy formation on the X-ray evolution of clusters}},
	Volume = 325,
	Year = 2001,
	Bdsk-Url-1 = {http://dx.doi.org/10.1046/j.1365-8711.2001.04382.x}}

@article{Ponman:1999aa,
	Adsnote = {Provided by the SAO/NASA Astrophysics Data System},
	Adsurl = {http://adsabs.harvard.edu/abs/1999Natur.397..135P},
	Author = {{Ponman}, T.~J. and {Cannon}, D.~B. and {Navarro}, J.~F.},
	Date-Added = {2013-12-23 23:12:40 +0000},
	Date-Modified = {2013-12-23 23:12:40 +0000},
	Doi = {10.1038/16410},
	Eprint = {astro-ph/9810359},
	Journal = {\nat},
	Month = jan,
	Pages = {135-137},
	Title = {{The thermal imprint of galaxy formation on X-ray clusters}},
	Volume = 397,
	Year = 1999,
	Bdsk-Url-1 = {http://dx.doi.org/10.1038/16410}}

@article{Castander:1994aa,
	Adsnote = {Provided by the SAO/NASA Astrophysics Data System},
	Adsurl = {http://adsabs.harvard.edu/abs/1994ApJ...424L..79C},
	Author = {{Castander}, F.~J. and {Ellis}, R.~S. and {Frenk}, C.~S. and {Dressler}, A. and {Gunn}, J.~E.},
	Date-Added = {2013-12-23 20:26:43 +0000},
	Date-Modified = {2013-12-23 20:26:43 +0000},
	Doi = {10.1086/187279},
	Journal = {\apjl},
	Keywords = {Bremsstrahlung, Dark Matter, Galactic Clusters, Galactic Evolution, Hydrostatics, Sky Surveys (Astronomy), X Rays, Potential Fields, Red Shift, Rosat Mission, Stellar Luminosity},
	Month = apr,
	Pages = {L79-L82},
	Title = {{The detection of X-ray emission from the highest redshift galaxy clusters}},
	Volume = 424,
	Year = 1994,
	Bdsk-Url-1 = {http://dx.doi.org/10.1086/187279}}

@article{Bower:1994aa,
	Adsnote = {Provided by the SAO/NASA Astrophysics Data System},
	Adsurl = {http://adsabs.harvard.edu/abs/1994MNRAS.268..345B},
	Author = {{Bower}, R.~G. and {Bohringer}, H. and {Briel}, U.~G. and {Ellis}, R.~S. and {Castander}, F.~J. and {Couch}, W.~J.},
	Date-Added = {2013-12-22 23:10:09 +0000},
	Date-Modified = {2013-12-22 23:10:09 +0000},
	Journal = {\mnras},
	Month = may,
	Pages = {345},
	Title = {{ROSAT Observations of Distant Optically Selected Galaxy Clusters}},
	Volume = 268,
	Year = 1994}

@article{Popesso:2007ab,
	Adsnote = {Provided by the SAO/NASA Astrophysics Data System},
	Adsurl = {http://adsabs.harvard.edu/abs/2007A%26A...461..411P},
	Author = {{Popesso}, P. and {Biviano}, A. and {Romaniello}, M. and {B{\"o}hringer}, H.},
	Date-Added = {2013-12-17 17:55:16 -0500},
	Date-Modified = {2013-12-17 17:55:16 -0500},
	Doi = {10.1051/0004-6361:20065357},
	Eprint = {astro-ph/0609080},
	Journal = {\aap},
	Keywords = {galaxies: clusters: general, galaxies: formation},
	Month = jan,
	Pages = {411-421},
	Title = {{RASS-SDSS galaxy cluster survey. VI. The dependence of the cluster SFR on the cluster global properties}},
	Volume = 461,
	Year = 2007,
	Bdsk-Url-1 = {http://dx.doi.org/10.1051/0004-6361:20065357}}

@article{Popesso:2007aa,
	Adsnote = {Provided by the SAO/NASA Astrophysics Data System},
	Adsurl = {http://adsabs.harvard.edu/abs/2007A%26A...461..397P},
	Author = {{Popesso}, P. and {Biviano}, A. and {B{\"o}hringer}, H. and {Romaniello}, M.},
	Date-Added = {2013-12-17 17:53:01 -0500},
	Date-Modified = {2013-12-17 17:53:01 -0500},
	Doi = {10.1051/0004-6361:20054493},
	Eprint = {astro-ph/0606191},
	Journal = {\aap},
	Keywords = {galaxies: clusters: general},
	Month = jan,
	Pages = {397-410},
	Title = {{RASS-SDSS galaxy cluster survey. V. The X-ray-underluminous Abell clusters}},
	Volume = 461,
	Year = 2007,
	Bdsk-Url-1 = {http://dx.doi.org/10.1051/0004-6361:20054493}}

@article{Rettura:2011aa,
	Adsnote = {Provided by the SAO/NASA Astrophysics Data System},
	Adsurl = {http://adsabs.harvard.edu/abs/2011ApJ...732...94R},
	Archiveprefix = {arXiv},
	Author = {{Rettura}, A. and {Mei}, S. and {Stanford}, S.~A. and {Raichoor}, A. and {Moran}, S. and {Holden}, B. and {Rosati}, P. and {Ellis}, R. and {Nakata}, F. and {Nonino}, M. and {Treu}, T. and {Blakeslee}, J.~P. and {Demarco}, R. and {Eisenhardt}, P. and {Ford}, H.~C. and {Fosbury}, R.~A.~E. and {Illingworth}, G. and {Huertas-Company}, M. and {Jee}, M.~J. and {Kodama}, T. and {Postman}, M. and {Tanaka}, M. and {White}, R.~L.},
	Date-Added = {2013-12-17 12:23:47 -0500},
	Date-Modified = {2013-12-17 12:23:47 -0500},
	Doi = {10.1088/0004-637X/732/2/94},
	Eid = {94},
	Eprint = {1103.0265},
	Journal = {\apj},
	Keywords = {cosmology: observations, galaxies: clusters: general, galaxies: elliptical and lenticular, cD, galaxies: evolution, galaxies: formation, galaxies: star formation},
	Month = may,
	Pages = {94},
	Primaryclass = {astro-ph.CO},
	Title = {{Early-type Galaxies at z \~{} 1.3. III. On the Dependence of Formation Epochs and Star Formation Histories on Stellar Mass and Environment}},
	Volume = 732,
	Year = 2011,
	Bdsk-Url-1 = {http://dx.doi.org/10.1088/0004-637X/732/2/94}}

@article{2011MNRAS.412.2303B,
	Adsnote = {Provided by the SAO/NASA Astrophysics Data System},
	Adsurl = {http://adsabs.harvard.edu/abs/2011MNRAS.412.2303B},
	Archiveprefix = {arXiv},
	Author = {{Balogh}, M.~L. and {McGee}, S.~L. and {Wilman}, D.~J. and {Finoguenov}, A. and {Parker}, L.~C. and {Connelly}, J.~L. and {Mulchaey}, J.~S. and {Bower}, R.~G. and {Tanaka}, M. and {Giodini}, S.},
	Date-Added = {2013-11-05 15:23:37 -0800},
	Date-Modified = {2013-11-05 15:23:37 -0800},
	Doi = {10.1111/j.1365-2966.2010.18052.x},
	Eprint = {1011.5509},
	Journal = {\mnras},
	Keywords = {galaxies: clusters: general},
	Month = apr,
	Pages = {2303-2317},
	Primaryclass = {astro-ph.CO},
	Title = {{Direct observational evidence for a large transient galaxy population in groups at 0.85 {\lt} z {\lt} 1}},
	Volume = 412,
	Year = 2011,
	Bdsk-Url-1 = {http://dx.doi.org/10.1111/j.1365-2966.2010.18052.x}}

@article{Balogh:2002tg,
	Adsnote = {Provided by the SAO/NASA Astrophysics Data System},
	Adsurl = {http://adsabs.harvard.edu/abs/2002MNRAS.337..256B},
	Author = {{Balogh}, M. and {Bower}, R.~G. and {Smail}, I. and {Ziegler}, B.~L. and {Davies}, R.~L. and {Gaztelu}, A. and {Fritz}, A.},
	Date-Added = {2013-11-05 14:47:04 -0800},
	Date-Modified = {2013-11-05 14:47:05 -0800},
	Doi = {10.1046/j.1365-8711.2002.05909.x},
	Eprint = {astro-ph/0207360},
	Journal = {\mnras},
	Keywords = {galaxies: clusters: general},
	Month = nov,
	Pages = {256-274},
	Title = {{Galaxy properties in low X-ray luminosity clusters at z=0.25}},
	Volume = 337,
	Year = 2002,
	Bdsk-Url-1 = {http://dx.doi.org/10.1046/j.1365-8711.2002.05909.x}}

@article{Castellano:2011ai,
	Adsnote = {Provided by the SAO/NASA Astrophysics Data System},
	Adsurl = {http://adsabs.harvard.edu/abs/2011A%26A...530A..27C},
	Archiveprefix = {arXiv},
	Author = {{Castellano}, M. and {Pentericci}, L. and {Menci}, N. and {Piconcelli}, E. and {Santini}, P. and {Salimbeni}, S. and {Fiore}, F. and {Fontana}, A. and {Grazian}, A. and {Romano}, A. and {Trevese}, D.},
	Date-Added = {2013-10-30 13:19:41 -0700},
	Date-Modified = {2013-10-30 13:19:43 -0700},
	Doi = {10.1051/0004-6361/201116607},
	Eid = {A27},
	Eprint = {1103.4478},
	Journal = {\aap},
	Keywords = {galaxies: clusters: general, galaxies: clusters: intracluster medium, galaxies: elliptical and lenticular, cD, large-scale structure of Universe},
	Month = jun,
	Pages = {A27},
	Primaryclass = {astro-ph.CO},
	Title = {{An X-ray underluminous cluster of galaxies in the 4Ms CDFS observations}},
	Volume = 530,
	Year = 2011,
	Bdsk-Url-1 = {http://dx.doi.org/10.1051/0004-6361/201116607}}

@article{2003ApJ...596L.143B,
	Adsnote = {Provided by the SAO/NASA Astrophysics Data System},
	Adsurl = {http://adsabs.harvard.edu/abs/2003ApJ...596L.143B},
	Author = {{Blakeslee}, J.~P. and {Franx}, M. and {Postman}, M. and {Rosati}, P. and {Holden}, B.~P. and {Illingworth}, G.~D. and {Ford}, H.~C. and {Cross}, N.~J.~G. and {Gronwall}, C. and {Ben{\'{\i}}tez}, N. and {Bouwens}, R.~J. and {Broadhurst}, T.~J. and {Clampin}, M. and {Demarco}, R. and {Golimowski}, D.~A. and {Hartig}, G.~F. and {Infante}, L. and {Martel}, A.~R. and {Miley}, G.~K. and {Menanteau}, F. and {Meurer}, G.~R. and {Sirianni}, M. and {White}, R.~L.},
	Doi = {10.1086/379234},
	Eprint = {astro-ph/0309036},
	Journal = {\apjl},
	Keywords = {Cosmology: Observations, Galaxies: Clusters: Individual: Alphanumeric: RDCS 1252-2927, Galaxies: Elliptical and Lenticular, cD, Galaxies: Fundamental Parameters},
	Month = oct,
	Pages = {L143-L146},
	Title = {{Advanced Camera for Surveys Photometry of the Cluster RDCS 1252.9-2927: The Color-Magnitude Relation at z = 1.24}},
	Volume = 596,
	Year = 2003,
	Bdsk-Url-1 = {http://dx.doi.org/10.1086/379234}}

@article{2010ApJ...709..512R,
	Adsnote = {Provided by the SAO/NASA Astrophysics Data System},
	Adsurl = {http://adsabs.harvard.edu/abs/2010ApJ...709..512R},
	Archiveprefix = {arXiv},
	Author = {{Rettura}, A. and {Rosati}, P. and {Nonino}, M. and {Fosbury}, R.~A.~E. and {Gobat}, R. and {Menci}, N. and {Strazzullo}, V. and {Mei}, S. and {Demarco}, R. and {Ford}, H.~C.},
	Doi = {10.1088/0004-637X/709/1/512},
	Eprint = {0806.4604},
	Journal = {\apj},
	Keywords = {cosmology: observations, galaxies: clusters: individual: RDCS1252.9{\ndash}2927, galaxies: elliptical and lenticular, cD, galaxies: evolution, galaxies: formation, galaxies: fundamental parameters, galaxies: high-redshift},
	Month = jan,
	Pages = {512-524},
	Title = {{Formation Epochs, Star Formation Histories, and Sizes of Massive Early-Type Galaxies in Cluster and Field Environments at z = 1.2: Insights from the Rest-Frame Ultraviolet}},
	Volume = 709,
	Year = 2010,
	Bdsk-Url-1 = {http://dx.doi.org/10.1088/0004-637X/709/1/512}}

@article{2008ApJ...675.1106R,
	Adsnote = {Provided by the SAO/NASA Astrophysics Data System},
	Adsurl = {http://adsabs.harvard.edu/abs/2008ApJ...675.1106R},
	Archiveprefix = {arXiv},
	Author = {{Rykoff}, E.~S. and {McKay}, T.~A. and {Becker}, M.~R. and {Evrard}, A. and {Johnston}, D.~E. and {Koester}, B.~P. and {Rozo}, E. and {Sheldon}, E.~S. and {Wechsler}, R.~H.},
	Date-Added = {2013-10-30 13:10:38 -0700},
	Date-Modified = {2013-10-30 13:10:38 -0700},
	Doi = {10.1086/527537},
	Eprint = {0709.1158},
	Journal = {\apj},
	Keywords = {Galaxies: Clusters: General, X-Rays: Galaxies: Clusters},
	Month = mar,
	Pages = {1106-1124},
	Title = {{Measuring the Mean and Scatter of the X-Ray Luminosity-Optical Richness Relation for maxBCG Galaxy Clusters}},
	Volume = 675,
	Year = 2008,
	Bdsk-Url-1 = {http://dx.doi.org/10.1086/527537}}

@article{Bell:2004qe,
	Adsnote = {Provided by the SAO/NASA Astrophysics Data System},
	Adsurl = {http://adsabs.harvard.edu/abs/2004ApJ...608..752B},
	Author = {{Bell}, E.~F. and {Wolf}, C. and {Meisenheimer}, K. and {Rix}, H.-W. and {Borch}, A. and {Dye}, S. and {Kleinheinrich}, M. and {Wisotzki}, L. and {McIntosh}, D.~H.},
	Date-Added = {2013-10-30 13:01:40 -0700},
	Date-Modified = {2013-10-30 13:01:40 -0700},
	Doi = {10.1086/420778},
	Eprint = {astro-ph/0303394},
	Journal = {\apj},
	Keywords = {Galaxies: Elliptical and Lenticular, cD, Galaxies: Evolution, Galaxies: General, Galaxies: Luminosity Function, Mass Function, Galaxies: Stellar Content, Surveys},
	Month = jun,
	Pages = {752-767},
	Title = {{Nearly 5000 Distant Early-Type Galaxies in COMBO-17: A Red Sequence and Its Evolution since z\~{}1}},
	Volume = 608,
	Year = 2004,
	Bdsk-Url-1 = {http://dx.doi.org/10.1086/420778}}

@article{Baldry:2004oq,
	Adsnote = {Provided by the SAO/NASA Astrophysics Data System},
	Adsurl = {http://adsabs.harvard.edu/abs/2004ApJ...600..681B},
	Author = {{Baldry}, I.~K. and {Glazebrook}, K. and {Brinkmann}, J. and {Ivezi{\'c}}, {\v Z}. and {Lupton}, R.~H. and {Nichol}, R.~C. and {Szalay}, A.~S.},
	Date-Added = {2013-10-30 12:57:28 -0700},
	Date-Modified = {2013-10-30 12:57:29 -0700},
	Doi = {10.1086/380092},
	Eprint = {astro-ph/0309710},
	Journal = {\apj},
	Keywords = {Galaxies: Evolution, Galaxies: Fundamental Parameters, Galaxies: Luminosity Function, Mass Function, Galaxies: Photometry},
	Month = jan,
	Pages = {681-694},
	Title = {{Quantifying the Bimodal Color-Magnitude Distribution of Galaxies}},
	Volume = 600,
	Year = 2004,
	Bdsk-Url-1 = {http://dx.doi.org/10.1086/380092}}

@article{2003AJ....125.1866B,
	Adsnote = {Provided by the SAO/NASA Astrophysics Data System},
	Adsurl = {http://adsabs.harvard.edu/abs/2003AJ....125.1866B},
	Author = {{Bernardi}, M. and {Sheth}, R.~K. and {Annis}, J. and {Burles}, S. and {Eisenstein}, D.~J. and {Finkbeiner}, D.~P. and {Hogg}, D.~W. and {Lupton}, R.~H. and {Schlegel}, D.~J. and {SubbaRao}, M. and {Bahcall}, N.~A. and {Blakeslee}, J.~P. and {Brinkmann}, J. and {Castander}, F.~J. and {Connolly}, A.~J. and {Csabai}, I. and {Doi}, M. and {Fukugita}, M. and {Frieman}, J. and {Heckman}, T. and {Hennessy}, G.~S. and {Ivezi{\'c}}, {\v Z}. and {Knapp}, G.~R. and {Lamb}, D.~Q. and {McKay}, T. and {Munn}, J.~A. and {Nichol}, R. and {Okamura}, S. and {Schneider}, D.~P. and {Thakar}, A.~R. and {York}, D.~G.},
	Date-Added = {2013-10-30 12:51:02 -0700},
	Date-Modified = {2013-10-30 12:51:02 -0700},
	Doi = {10.1086/367794},
	Eprint = {astro-ph/0301626},
	Journal = {\aj},
	Keywords = {Galaxies: Elliptical and Lenticular, cD, Galaxies: Evolution, Galaxies: Fundamental Parameters, Galaxies: Photometry, Galaxies: Stellar Content},
	Month = apr,
	Pages = {1866-1881},
	Title = {{Early-Type Galaxies in the Sloan Digital Sky Survey. III. The Fundamental Plane}},
	Volume = 125,
	Year = 2003,
	Bdsk-Url-1 = {http://dx.doi.org/10.1086/367794}}

@article{Hogg:2004nx,
	Adsnote = {Provided by the SAO/NASA Astrophysics Data System},
	Adsurl = {http://adsabs.harvard.edu/abs/2004ApJ...601L..29H},
	Author = {{Hogg}, D.~W. and {Blanton}, M.~R. and {Brinchmann}, J. and {Eisenstein}, D.~J. and {Schlegel}, D.~J. and {Gunn}, J.~E. and {McKay}, T.~A. and {Rix}, H.-W. and {Bahcall}, N.~A. and {Brinkmann}, J. and {Meiksin}, A.},
	Date-Added = {2013-10-30 12:46:09 -0700},
	Date-Modified = {2013-10-30 12:46:09 -0700},
	Doi = {10.1086/381749},
	Eprint = {astro-ph/0307336},
	Journal = {\apjl},
	Keywords = {Cosmology: Observations, Galaxies: Clusters: General, Galaxies: Elliptical and Lenticular, cD, Galaxies: Evolution, Galaxies: Fundamental Parameters, Galaxies: Statistics},
	Month = jan,
	Pages = {L29-L32},
	Title = {{The Dependence on Environment of the Color-Magnitude Relation of Galaxies}},
	Volume = 601,
	Year = 2004,
	Bdsk-Url-1 = {http://dx.doi.org/10.1086/381749}}

@article{van-Dokkum:1998wd,
	Adsnote = {Provided by the SAO/NASA Astrophysics Data System},
	Adsurl = {http://adsabs.harvard.edu/abs/1998ApJ...500..714V},
	Author = {{van Dokkum}, P.~G. and {Franx}, M. and {Kelson}, D.~D. and {Illingworth}, G.~D. and {Fisher}, D. and {Fabricant}, D.},
	Date-Added = {2013-10-30 12:34:45 -0700},
	Date-Modified = {2013-10-30 12:34:45 -0700},
	Doi = {10.1086/305762},
	Eprint = {astro-ph/9801190},
	Journal = {\apj},
	Keywords = {GALAXIES: CLUSTERS: INDIVIDUAL ALPHANUMERIC: CL 1358+62, GALAXIES: ELLIPTICAL AND LENTICULAR, CD, GALAXIES: EVOLUTION, GALAXIES: PHOTOMETRY, GALAXIES: SPIRAL},
	Month = jun,
	Pages = {714},
	Title = {{The Color-Magnitude Relation in CL 1358+62 at Z = 0.33: Evidence for Significant Evolution in the S0 Population}},
	Volume = 500,
	Year = 1998,
	Bdsk-Url-1 = {http://dx.doi.org/10.1086/305762}}

@article{Bower:1998cr,
	Adsnote = {Provided by the SAO/NASA Astrophysics Data System},
	Adsurl = {http://adsabs.harvard.edu/abs/1998MNRAS.299.1193B},
	Author = {{Bower}, R.~G. and {Kodama}, T. and {Terlevich}, A.},
	Date-Added = {2013-10-30 12:24:48 -0700},
	Date-Modified = {2013-10-30 12:24:49 -0700},
	Doi = {10.1046/j.1365-8711.1998.01868.x},
	Eprint = {astro-ph/9805290},
	Journal = {\mnras},
	Keywords = {GALAXIES: CLUSTERS: GENERAL, GALAXIES: EVOLUTION, GALAXIES: FORMATION, GALAXIES: FUNDAMENTAL PARAMETERS, GALAXIES: STELLAR CONTENT},
	Month = oct,
	Pages = {1193-1208},
	Title = {{The colour-magnitude relation as a constraint on the formation of rich cluster galaxies}},
	Volume = 299,
	Year = 1998,
	Bdsk-Url-1 = {http://dx.doi.org/10.1046/j.1365-8711.1998.01868.x}}

@article{Kodama:1997rr,
	Adsnote = {Provided by the SAO/NASA Astrophysics Data System},
	Adsurl = {http://adsabs.harvard.edu/abs/1997A%26A...320...41K},
	Author = {{Kodama}, T. and {Arimoto}, N.},
	Date-Added = {2013-10-30 12:05:35 -0700},
	Date-Modified = {2013-10-30 12:05:36 -0700},
	Eprint = {astro-ph/9609160},
	Journal = {\aap},
	Keywords = {GALAXIES: ELLIPTICAL, GALAXIES: EVOLUTION, GALAXIES: FORMATION, GALAXIES: PHOTOMETRY, GALAXIES: STELLAR CONTENT},
	Month = apr,
	Pages = {41-53},
	Title = {{Origin of the colour-magnitude relation of elliptical galaxies.}},
	Volume = 320,
	Year = 1997}

@article{Donahue:2001fv,
	Adsnote = {Provided by the SAO/NASA Astrophysics Data System},
	Adsurl = {http://adsabs.harvard.edu/abs/2001ApJ...552L..93D},
	Author = {{Donahue}, M. and {Mack}, J. and {Scharf}, C. and {Lee}, P. and {Postman}, M. and {Rosati}, P. and {Dickinson}, M. and {Voit}, G.~M. and {Stocke}, J.~T.},
	Date-Added = {2013-10-25 14:36:11 -0700},
	Date-Modified = {2013-10-25 14:36:11 -0700},
	Doi = {10.1086/320334},
	Eprint = {arXiv:astro-ph/0112530},
	Journal = {\apjl},
	Keywords = {Cosmology: Observations, Cosmology: Dark Matter, Galaxies: Clusters: General, Galaxies: Intergalactic Medium, Surveys, X-Rays: Galaxies},
	Month = may,
	Pages = {L93-L96},
	Title = {{Distant Cluster Hunting: A Comparison Between the Optical and X-Ray Luminosity Functions from an Optical/X-Ray Joint Survey}},
	Volume = 552,
	Year = 2001,
	Bdsk-Url-1 = {http://dx.doi.org/10.1086/320334}}

@article{Yee:2003yg,
	Adsnote = {Provided by the SAO/NASA Astrophysics Data System},
	Adsurl = {http://adsabs.harvard.edu/abs/2003ApJ...585..215Y},
	Author = {{Yee}, H.~K.~C. and {Ellingson}, E.},
	Date-Added = {2013-10-25 13:59:11 -0700},
	Date-Modified = {2013-10-25 13:59:11 -0700},
	Doi = {10.1086/345929},
	Eprint = {arXiv:astro-ph/0211096},
	Journal = {\apj},
	Keywords = {Galaxies: Clusters: General, Galaxies: Evolution, Galaxies: High-Redshift},
	Month = mar,
	Pages = {215-226},
	Title = {{Correlations of Richness and Global Properties in Galaxy Clusters}},
	Volume = 585,
	Year = 2003,
	Bdsk-Url-1 = {http://dx.doi.org/10.1086/345929}}

@article{Hicks:2013zl,
	Adsnote = {Provided by the SAO/NASA Astrophysics Data System},
	Adsurl = {http://adsabs.harvard.edu/abs/2013MNRAS.431.2542H},
	Archiveprefix = {arXiv},
	Author = {{Hicks}, A.~K. and {Pratt}, G.~W. and {Donahue}, M. and {Ellingson}, E. and {Gladders}, M. and {B{\"o}hringer}, H. and {Yee}, H.~K.~C. and {Yan}, R. and {Croston}, J.~H. and {Gilbank}, D.~G.},
	Date-Added = {2013-10-25 13:37:33 -0700},
	Date-Modified = {2013-10-25 13:37:34 -0700},
	Doi = {10.1093/mnras/stt348},
	Eprint = {1303.1819},
	Journal = {\mnras},
	Keywords = {galaxies: clusters: general, cosmology: observations, large-scale structure of Universe, X-rays: galaxies: clusters},
	Month = may,
	Pages = {2542-2553},
	Primaryclass = {astro-ph.CO},
	Title = {{The X-ray properties of optically selected clusters of galaxies}},
	Volume = 431,
	Year = 2013,
	Bdsk-Url-1 = {http://dx.doi.org/10.1093/mnras/stt348}}

@article{Gilbank:2004rm,
	Adsnote = {Provided by the SAO/NASA Astrophysics Data System},
	Adsurl = {http://adsabs.harvard.edu/abs/2004MNRAS.348..551G},
	Author = {{Gilbank}, D.~G. and {Bower}, R.~G. and {Castander}, F.~J. and {Ziegler}, B.~L.},
	Date-Added = {2013-10-25 13:31:01 -0700},
	Date-Modified = {2013-10-25 13:31:02 -0700},
	Doi = {10.1111/j.1365-2966.2004.07335.x},
	Eprint = {arXiv:astro-ph/0310809},
	Journal = {\mnras},
	Keywords = {surveys, galaxies: clusters: general, cosmology: miscellaneous, X-rays: galaxies: clusters},
	Month = feb,
	Pages = {551-580},
	Title = {{Exploring the selection of galaxy clusters and groups: an optical survey for X-ray dark clusters}},
	Volume = 348,
	Year = 2004,
	Bdsk-Url-1 = {http://dx.doi.org/10.1111/j.1365-2966.2004.07335.x}}

@article{Donahue:2002rz,
	Adsnote = {Provided by the SAO/NASA Astrophysics Data System},
	Adsurl = {http://adsabs.harvard.edu/abs/2002ApJ...569..689D},
	Author = {{Donahue}, M. and {Scharf}, C.~A. and {Mack}, J. and {Lee}, Y.~P. and {Postman}, M. and {Rosati}, P. and {Dickinson}, M. and {Voit}, G.~M. and {Stocke}, J.~T.},
	Date-Added = {2013-10-23 14:47:11 -0700},
	Date-Modified = {2013-10-23 14:47:12 -0700},
	Doi = {10.1086/339401},
	Eprint = {arXiv:astro-ph/0112529},
	Journal = {\apj},
	Keywords = {Catalogs, Cosmology: Dark Matter, Galaxies: Clusters: General, X-Rays: Galaxies: Clusters},
	Month = apr,
	Pages = {689-719},
	Title = {{Distant Cluster Hunting. II. A Comparison of X-Ray and Optical Cluster Detection Techniques and Catalogs from the ROSAT Optical X-Ray Survey}},
	Volume = 569,
	Year = 2002,
	Bdsk-Url-1 = {http://dx.doi.org/10.1086/339401}}

@article{Bassett:2013hq,
	Adsnote = {Provided by the SAO/NASA Astrophysics Data System},
	Adsurl = {http://adsabs.harvard.edu/abs/2013ApJ...770...58B},
	Archiveprefix = {arXiv},
	Author = {{Bassett}, R. and {Papovich}, C. and {Lotz}, J.~M. and {Bell}, E.~F. and {Finkelstein}, S.~L. and {Newman}, J.~A. and {Tran}, K.-V. and {Almaini}, O. and {Lani}, C. and {Cooper}, M. and {Croton}, D. and {Dekel}, A. and {Ferguson}, H.~C. and {Kocevski}, D.~D. and {Koekemoer}, A.~M. and {Koo}, D.~C. and {McGrath}, E.~J. and {McIntosh}, D.~H. and {Wechsler}, R.},
	Date-Added = {2013-10-04 16:15:55 -0700},
	Date-Modified = {2013-10-04 16:15:57 -0700},
	Doi = {10.1088/0004-637X/770/1/58},
	Eid = {58},
	Eprint = {1305.0607},
	Journal = {\apj},
	Keywords = {galaxies: clusters: general, galaxies: evolution, galaxies: high-redshift, galaxies: structure},
	Month = jun,
	Pages = {58},
	Primaryclass = {astro-ph.CO},
	Title = {{CANDELS Observations of the Environmental Dependence of the Color-Mass-Morphology Relation at z = 1.6}},
	Volume = 770,
	Year = 2013,
	Bdsk-Url-1 = {http://dx.doi.org/10.1088/0004-637X/770/1/58}}

@article{Strazzullo:2010kh,
	Adsnote = {Provided by the SAO/NASA Astrophysics Data System},
	Adsurl = {http://adsabs.harvard.edu/abs/2010A%26A...524A..17S},
	Archiveprefix = {arXiv},
	Author = {{Strazzullo}, V. and {Rosati}, P. and {Pannella}, M. and {Gobat}, R. and {Santos}, J.~S. and {Nonino}, M. and {Demarco}, R. and {Lidman}, C. and {Tanaka}, M. and {Mullis}, C.~R. and {Nu{\~n}ez}, C. and {Rettura}, A. and {Jee}, M.~J. and {B{\"o}hringer}, H. and {Bender}, R. and {Bouwens}, R.~J. and {Dawson}, K. and {Fassbender}, R. and {Franx}, M. and {Perlmutter}, S. and {Postman}, M.},
	Date-Added = {2013-10-04 16:14:53 -0700},
	Date-Modified = {2013-10-04 16:14:54 -0700},
	Doi = {10.1051/0004-6361/201015251},
	Eid = {A17},
	Eprint = {1009.1423},
	Journal = {\aap},
	Keywords = {galaxies: clusters: individual: XMMU J2235.3-2557, galaxies: evolution, galaxies: high-redshift, galaxies: luminosity function, mass function, galaxies: fundamental parameters},
	Month = dec,
	Pages = {A17},
	Primaryclass = {astro-ph.CO},
	Title = {{Cluster galaxies in XMMU J2235-2557: galaxy population properties in most massive environments at z \~{} 1.4}},
	Volume = 524,
	Year = 2010,
	Bdsk-Url-1 = {http://dx.doi.org/10.1051/0004-6361/201015251}}

@article{Blakeslee:2006pt,
	Adsnote = {Provided by the SAO/NASA Astrophysics Data System},
	Adsurl = {http://adsabs.harvard.edu/abs/2006ApJ...644...30B},
	Author = {{Blakeslee}, J.~P. and {Holden}, B.~P. and {Franx}, M. and {Rosati}, P. and {Bouwens}, R.~J. and {Demarco}, R. and {Ford}, H.~C. and {Homeier}, N.~L. and {Illingworth}, G.~D. and {Jee}, M.~J. and {Mei}, S. and {Menanteau}, F. and {Meurer}, G.~R. and {Postman}, M. and {Tran}, K.-V.~H.},
	Date-Added = {2013-10-04 16:14:10 -0700},
	Date-Modified = {2013-10-04 16:14:11 -0700},
	Doi = {10.1086/503539},
	Eprint = {arXiv:astro-ph/0603058},
	Journal = {\apj},
	Keywords = {Cosmology: Observations, Galaxies: Clusters: Individual: Alphanumeric: MS 1054-0321, galaxies: clusters: individual (RX J0152.7-1357), Galaxies: Elliptical and Lenticular, cD, Galaxies: Evolution},
	Month = jun,
	Pages = {30-53},
	Title = {{Clusters at Half Hubble Time: Galaxy Structure and Colors in RX J0152.7-1357 and MS 1054-03}},
	Volume = 644,
	Year = 2006,
	Bdsk-Url-1 = {http://dx.doi.org/10.1086/503539}}

@article{Mei:2012cq,
	Adsnote = {Provided by the SAO/NASA Astrophysics Data System},
	Adsurl = {http://adsabs.harvard.edu/abs/2012ApJ...754..141M},
	Archiveprefix = {arXiv},
	Author = {{Mei}, S. and {Stanford}, S.~A. and {Holden}, B.~P. and {Raichoor}, A. and {Postman}, M. and {Nakata}, F. and {Finoguenov}, A. and {Ford}, H.~C. and {Illingworth}, G.~D. and {Kodama}, T. and {Rosati}, P. and {Tanaka}, M. and {Huertas-Company}, M. and {Rettura}, A. and {Shankar}, F. and {Carrasco}, E.~R. and {Demarco}, R. and {Eisenhardt}, P. and {Jee}, M.~J. and {Koyama}, Y. and {White}, R.~L.},
	Date-Added = {2013-10-04 16:13:31 -0700},
	Date-Modified = {2013-10-04 16:13:32 -0700},
	Doi = {10.1088/0004-637X/754/2/141},
	Eid = {141},
	Eprint = {1205.1785},
	Journal = {\apj},
	Keywords = {galaxies: clusters: general, galaxies: clusters: individual: the Lynx cluster, galaxies: evolution, galaxies: high-redshift, galaxies: stellar content, galaxies: structure},
	Month = aug,
	Pages = {141},
	Primaryclass = {astro-ph.CO},
	Title = {{Early-type Galaxies at z = 1.3. I. The Lynx Supercluster: Cluster and Groups at z = 1.3. Morphology and Color-Magnitude Relation}},
	Volume = 754,
	Year = 2012,
	Bdsk-Url-1 = {http://dx.doi.org/10.1088/0004-637X/754/2/141}}

@article{Balogh:2010xq,
	Adsnote = {Provided by the SAO/NASA Astrophysics Data System},
	Adsurl = {http://adsabs.harvard.edu/abs/2010MNRAS.402L..59B},
	Archiveprefix = {arXiv},
	Author = {{Balogh}, M.~L. and {McGee}, S.~L.},
	Date-Added = {2013-10-04 16:12:10 -0700},
	Date-Modified = {2013-10-04 16:12:11 -0700},
	Doi = {10.1111/j.1745-3933.2009.00800.x},
	Eprint = {0912.0938},
	Journal = {\mnras},
	Keywords = {galaxies: clusters: general},
	Month = feb,
	Pages = {L59-L63},
	Primaryclass = {astro-ph.CO},
	Title = {{Implications of the remarkable homogeneity of galaxy groups and clusters}},
	Volume = 402,
	Year = 2010,
	Bdsk-Url-1 = {http://dx.doi.org/10.1111/j.1745-3933.2009.00800.x}}

@article{Bower:1992mb,
	Adsnote = {Provided by the SAO/NASA Astrophysics Data System},
	Adsurl = {http://adsabs.harvard.edu/abs/1992MNRAS.254..601B},
	Author = {{Bower}, R.~G. and {Lucey}, J.~R. and {Ellis}, R.~S.},
	Date-Added = {2013-10-04 14:37:42 -0700},
	Date-Modified = {2013-10-04 14:37:43 -0700},
	Journal = {\mnras},
	Month = feb,
	Pages = {601},
	Title = {{Precision Photometry of Early Type Galaxies in the Coma and Virgo Clusters - a Test of the Universality of the Colour / Magnitude Relation - Part Two - Analysis}},
	Volume = 254,
	Year = 1992}

@article{Blakeslee:2003qq,
	Adsnote = {Provided by the SAO/NASA Astrophysics Data System},
	Adsurl = {http://adsabs.harvard.edu/abs/2003ApJ...596L.143B},
	Author = {{Blakeslee}, J.~P. and {Franx}, M. and {Postman}, M. and {Rosati}, P. and {Holden}, B.~P. and {Illingworth}, G.~D. and {Ford}, H.~C. and {Cross}, N.~J.~G. and {Gronwall}, C. and {Ben{\'{\i}}tez}, N. and {Bouwens}, R.~J. and {Broadhurst}, T.~J. and {Clampin}, M. and {Demarco}, R. and {Golimowski}, D.~A. and {Hartig}, G.~F. and {Infante}, L. and {Martel}, A.~R. and {Miley}, G.~K. and {Menanteau}, F. and {Meurer}, G.~R. and {Sirianni}, M. and {White}, R.~L.},
	Date-Added = {2013-10-04 14:09:17 -0700},
	Date-Modified = {2013-10-04 14:09:18 -0700},
	Doi = {10.1086/379234},
	Eprint = {arXiv:astro-ph/0309036},
	Journal = {\apjl},
	Keywords = {Cosmology: Observations, Galaxies: Clusters: Individual: Alphanumeric: RDCS 1252-2927, Galaxies: Elliptical and Lenticular, cD, Galaxies: Fundamental Parameters},
	Month = oct,
	Pages = {L143-L146},
	Title = {{Advanced Camera for Surveys Photometry of the Cluster RDCS 1252.9-2927: The Color-Magnitude Relation at z = 1.24}},
	Volume = 596,
	Year = 2003,
	Bdsk-Url-1 = {http://dx.doi.org/10.1086/379234}}

@article{Rettura:2006gb,
	Adsnote = {Provided by the SAO/NASA Astrophysics Data System},
	Adsurl = {http://adsabs.harvard.edu/abs/2006A%26A...458..717R},
	Author = {{Rettura}, A. and {Rosati}, P. and {Strazzullo}, V. and {Dickinson}, M. and {Fosbury}, R.~A.~E. and {Rocca-Volmerange}, B. and {Cimatti}, A. and {di Serego Alighieri}, S. and {Kuntschner}, H. and {Lanzoni}, B. and {Nonino}, M. and {Popesso}, P. and {Stern}, D. and {Eisenhardt}, P.~R. and {Lidman}, C. and {Stanford}, S.~A.},
	Date-Added = {2013-10-04 13:46:07 -0700},
	Date-Modified = {2013-10-04 13:46:08 -0700},
	Doi = {10.1051/0004-6361:20065273},
	Eprint = {arXiv:astro-ph/0608545},
	Journal = {\aap},
	Keywords = {galaxies: clusters: individual: RDCS J1252-2927, galaxies: evolution, galaxies: formation, galaxies: elliptical and lenticular, cD, Galaxy: kinematics and dynamics, cosmology: observations},
	Month = nov,
	Pages = {717-726},
	Title = {{Comparing dynamical and photometric-stellar masses of early-type galaxies at z \~{} 1}},
	Volume = 458,
	Year = 2006,
	Bdsk-Url-1 = {http://dx.doi.org/10.1051/0004-6361:20065273}}

@article{Capozzi:2010kn,
	Adsnote = {Provided by the SAO/NASA Astrophysics Data System},
	Adsurl = {http://adsabs.harvard.edu/abs/2010MNRAS.403.1274C},
	Archiveprefix = {arXiv},
	Author = {{Capozzi}, D. and {Collins}, C.~A. and {Stott}, J.~P.},
	Date-Added = {2013-10-02 14:33:00 -0700},
	Date-Modified = {2013-10-02 14:33:02 -0700},
	Doi = {10.1111/j.1365-2966.2009.16220.x},
	Eprint = {0912.3143},
	Journal = {\mnras},
	Keywords = {galaxies: clusters: general, galaxies: evolution, galaxies: photometry, large-scale structure of Universe},
	Month = apr,
	Pages = {1274-1282},
	Primaryclass = {astro-ph.CO},
	Title = {{The ratio of luminous to faint red-sequence galaxies in X-ray and optically selected low-redshift clusters}},
	Volume = 403,
	Year = 2010,
	Bdsk-Url-1 = {http://dx.doi.org/10.1111/j.1365-2966.2009.16220.x}}

@article{Holden:2005jl,
	Adsnote = {Provided by the SAO/NASA Astrophysics Data System},
	Adsurl = {http://adsabs.harvard.edu/abs/2005ApJ...620L..83H},
	Author = {{Holden}, B.~P. and {van der Wel}, A. and {Franx}, M. and {Illingworth}, G.~D. and {Blakeslee}, J.~P. and {van Dokkum}, P. and {Ford}, H. and {Magee}, D. and {Postman}, M. and {Rix}, H.-W. and {Rosati}, P.},
	Date-Added = {2013-10-01 14:10:29 -0700},
	Date-Modified = {2013-10-01 14:10:30 -0700},
	Doi = {10.1086/428663},
	Eprint = {arXiv:astro-ph/0412570},
	Journal = {\apjl},
	Keywords = {Galaxies: Clusters: General, Galaxies: Clusters: Individual: Alphanumeric: RDCS 1252.9-2927, Galaxies: Elliptical and Lenticular, cD, Galaxies: Evolution, Galaxies: Fundamental Parameters, Galaxies: Photometry},
	Month = feb,
	Pages = {L83-L86},
	Title = {{The Fundamental Plane of Cluster Elliptical Galaxies at z=1.25}},
	Volume = 620,
	Year = 2005,
	Bdsk-Url-1 = {http://dx.doi.org/10.1086/428663}}

@article{Holden:2005xw,
	Adsnote = {Provided by the SAO/NASA Astrophysics Data System},
	Adsurl = {http://adsabs.harvard.edu/abs/2005ApJ...626..809H},
	Author = {{Holden}, B.~P. and {Blakeslee}, J.~P. and {Postman}, M. and {Illingworth}, G.~D. and {Demarco}, R. and {Franx}, M. and {Rosati}, P. and {Bouwens}, R.~J. and {Martel}, A.~R. and {Ford}, H. and {Clampin}, M. and {Hartig}, G.~F. and {Ben{\'{\i}}tez}, N. and {Cross}, N.~J.~G. and {Homeier}, N. and {Lidman}, C. and {Menanteau}, F. and {Zirm}, A. and {Ardila}, D.~R. and {Bartko}, F. and {Bradley}, L.~D. and {Broadhurst}, T.~J. and {Brown}, R.~A. and {Burrows}, C.~J. and {Cheng}, E.~S. and {Feldman}, P.~D. and {Golimowski}, D.~A. and {Goto}, T. and {Gronwall}, C. and {Infante}, L. and {Kimble}, R.~A. and {Krist}, J.~E. and {Lesser}, M.~P. and {Magee}, D. and {Mei}, S. and {Meurer}, G.~R. and {Miley}, G.~K. and {Motta}, V. and {Sirianni}, M. and {Sparks}, W.~B. and {Tran}, H.~D. and {Tsvetanov}, Z.~I. and {White}, R.~L. and {Zheng}, W.},
	Date-Added = {2013-10-01 14:07:25 -0700},
	Date-Modified = {2013-10-01 14:07:30 -0700},
	Doi = {10.1086/430248},
	Eprint = {arXiv:astro-ph/0503365},
	Journal = {\apj},
	Keywords = {Galaxies: Clusters: General, Galaxies: Clusters: Individual: Alphanumeric: RDCS J1252.9-2927, Galaxies: Clusters: Individual: Alphanumeric: RX J1052.7-1357, Galaxies: Elliptical and Lenticular, cD, Galaxies: Evolution, Galaxies: Fundamental Parameters, Galaxies: Photometry},
	Month = jun,
	Pages = {809-822},
	Title = {{Evolution in the Cluster Early-Type Galaxy Size-Surface Brightness Relation at z\~{}=1}},
	Volume = 626,
	Year = 2005,
	Bdsk-Url-1 = {http://dx.doi.org/10.1086/430248}}

@inproceedings{Kodama:2007hb,
	Adsnote = {Provided by the SAO/NASA Astrophysics Data System},
	Adsurl = {http://adsabs.harvard.edu/abs/2007ASPC..379..202K},
	Author = {{Kodama}, T. and {Tanaka}, M. and {Tanaka}, I. and {Kajisawa}, M.},
	Booktitle = {Cosmic Frontiers},
	Date-Added = {2013-10-01 14:05:40 -0700},
	Date-Modified = {2013-10-01 14:05:42 -0700},
	Editor = {{Metcalfe}, N. and {Shanks}, T.},
	Month = dec,
	Pages = {202},
	Series = {Astronomical Society of the Pacific Conference Series},
	Title = {{Proto-Clusters with Evolved Populations around Radio Galaxies at 2{\lt}z{\lt}3}},
	Volume = 379,
	Year = 2007}

@article{Wake:2005lr,
	Adsnote = {Provided by the SAO/NASA Astrophysics Data System},
	Adsurl = {http://adsabs.harvard.edu/abs/2005ApJ...627..186W},
	Author = {{Wake}, D.~A. and {Collins}, C.~A. and {Nichol}, R.~C. and {Jones}, L.~R. and {Burke}, D.~J.},
	Date-Added = {2013-09-30 15:51:33 -0700},
	Date-Modified = {2013-09-30 15:51:37 -0700},
	Doi = {10.1086/430117},
	Eprint = {arXiv:astro-ph/0503480},
	Journal = {\apj},
	Keywords = {Galaxies: Clusters: General, Galaxies: Elliptical and Lenticular, cD, Galaxies: Evolution, Galaxies: Fundamental Parameters},
	Month = jul,
	Pages = {186-202},
	Title = {{The Environmental Dependence of Galaxy Colors in Intermediate-Redshift X-Ray-selected Clusters}},
	Volume = 627,
	Year = 2005,
	Bdsk-Url-1 = {http://dx.doi.org/10.1086/430117}}

@article{Faber:2007kk,
	Adsnote = {Provided by the SAO/NASA Astrophysics Data System},
	Adsurl = {http://adsabs.harvard.edu/abs/2007MNRAS.382.1823F},
	Author = {{Faber}, P. and {Quillen}, A.~C.},
	Date-Added = {2013-09-27 15:20:04 -0700},
	Date-Modified = {2013-09-27 15:20:05 -0700},
	Doi = {10.1111/j.1365-2966.2007.12490.x},
	Journal = {\mnras},
	Keywords = {methods: numerical, celestial: mechanics, planets and satellites: general},
	Month = dec,
	Pages = {1823-1828},
	Title = {{The total number of giant planets in debris discs with central clearings}},
	Volume = 382,
	Year = 2007,
	Bdsk-Url-1 = {http://dx.doi.org/10.1111/j.1365-2966.2007.12490.x}}

@article{Tremaine:2002rz,
	Adsnote = {Provided by the SAO/NASA Astrophysics Data System},
	Adsurl = {http://adsabs.harvard.edu/abs/2002ApJ...574..740T},
	Author = {{Tremaine}, S. and {Gebhardt}, K. and {Bender}, R. and {Bower}, G. and {Dressler}, A. and {Faber}, S.~M. and {Filippenko}, A.~V. and {Green}, R. and {Grillmair}, C. and {Ho}, L.~C. and {Kormendy}, J. and {Lauer}, T.~R. and {Magorrian}, J. and {Pinkney}, J. and {Richstone}, D.},
	Date-Added = {2013-08-30 12:11:16 -0700},
	Date-Modified = {2013-08-30 12:11:20 -0700},
	Doi = {10.1086/341002},
	Eprint = {arXiv:astro-ph/0203468},
	Journal = {\apj},
	Keywords = {Black Hole Physics, Galaxies: Bulges, Galaxies: Fundamental Parameters, Galaxies: Nuclei, Galaxy: Bulge, Galaxy: Kinematics and Dynamics},
	Month = aug,
	Pages = {740-753},
	Title = {{The Slope of the Black Hole Mass versus Velocity Dispersion Correlation}},
	Volume = 574,
	Year = 2002,
	Bdsk-Url-1 = {http://dx.doi.org/10.1086/341002}}

@article{Kelly:2007sf,
	Adsnote = {Provided by the SAO/NASA Astrophysics Data System},
	Adsurl = {http://adsabs.harvard.edu/abs/2007ApJ...665.1489K},
	Archiveprefix = {arXiv},
	Author = {{Kelly}, B.~C.},
	Date-Added = {2013-08-20 11:47:19 -0700},
	Date-Modified = {2013-08-20 11:47:20 -0700},
	Doi = {10.1086/519947},
	Eprint = {0705.2774},
	Journal = {\apj},
	Keywords = {Methods: Data Analysis, Methods: Numerical, Methods: Statistical},
	Month = aug,
	Pages = {1489-1506},
	Title = {{Some Aspects of Measurement Error in Linear Regression of Astronomical Data}},
	Volume = 665,
	Year = 2007,
	Bdsk-Url-1 = {http://dx.doi.org/10.1086/519947}}

@article{Blanton:2007ft,
	Adsnote = {Provided by the SAO/NASA Astrophysics Data System},
	Adsurl = {http://adsabs.harvard.edu/abs/2007AJ....133..734B},
	Author = {{Blanton}, M.~R. and {Roweis}, S.},
	Date-Added = {2013-08-05 12:07:43 -0700},
	Date-Modified = {2013-08-05 12:07:44 -0700},
	Doi = {10.1086/510127},
	Eprint = {arXiv:astro-ph/0606170},
	Journal = {\aj},
	Keywords = {galaxies: fundamental parameters, galaxies: photometry, galaxies: statistics},
	Month = feb,
	Pages = {734-754},
	Title = {{K-Corrections and Filter Transformations in the Ultraviolet, Optical, and Near-Infrared}},
	Volume = 133,
	Year = 2007,
	Bdsk-Url-1 = {http://dx.doi.org/10.1086/510127}}

@article{Faber:2007fc,
	Adsnote = {Provided by the SAO/NASA Astrophysics Data System},
	Adsurl = {http://adsabs.harvard.edu/abs/2007ApJ...665..265F},
	Author = {{Faber}, S.~M. and {Willmer}, C.~N.~A. and {Wolf}, C. and {Koo}, D.~C. and {Weiner}, B.~J. and {Newman}, J.~A. and {Im}, M. and {Coil}, A.~L. and {Conroy}, C. and {Cooper}, M.~C. and {Davis}, M. and {Finkbeiner}, D.~P. and {Gerke}, B.~F. and {Gebhardt}, K. and {Groth}, E.~J. and {Guhathakurta}, P. and {Harker}, J. and {Kaiser}, N. and {Kassin}, S. and {Kleinheinrich}, M. and {Konidaris}, N.~P. and {Kron}, R.~G. and {Lin}, L. and {Luppino}, G. and {Madgwick}, D.~S. and {Meisenheimer}, K. and {Noeske}, K.~G. and {Phillips}, A.~C. and {Sarajedini}, V.~L. and {Schiavon}, R.~P. and {Simard}, L. and {Szalay}, A.~S. and {Vogt}, N.~P. and {Yan}, R.},
	Date-Added = {2013-08-01 14:19:17 -0700},
	Date-Modified = {2013-08-01 14:19:19 -0700},
	Doi = {10.1086/519294},
	Eprint = {arXiv:astro-ph/0506044},
	Journal = {\apj},
	Keywords = {Galaxies: Distances and Redshifts, Galaxies: Evolution, Galaxies: Luminosity Function, Mass Function},
	Month = aug,
	Pages = {265-294},
	Title = {{Galaxy Luminosity Functions to z\~{}1 from DEEP2 and COMBO-17: Implications for Red Galaxy Formation}},
	Volume = 665,
	Year = 2007,
	Bdsk-Url-1 = {http://dx.doi.org/10.1086/519294}}

@article{Muzzin:2012dw,
	Adsnote = {Provided by the SAO/NASA Astrophysics Data System},
	Adsurl = {http://adsabs.harvard.edu/abs/2012ApJ...746..188M},
	Archiveprefix = {arXiv},
	Author = {{Muzzin}, A. and {Wilson}, G. and {Yee}, H.~K.~C. and {Gilbank}, D. and {Hoekstra}, H. and {Demarco}, R. and {Balogh}, M. and {van Dokkum}, P. and {Franx}, M. and {Ellingson}, E. and {Hicks}, A. and {Nantais}, J. and {Noble}, A. and {Lacy}, M. and {Lidman}, C. and {Rettura}, A. and {Surace}, J. and {Webb}, T.},
	Date-Added = {2013-08-01 13:51:52 -0700},
	Date-Modified = {2013-08-01 13:51:54 -0700},
	Doi = {10.1088/0004-637X/746/2/188},
	Eid = {188},
	Eprint = {1112.3655},
	Journal = {\apj},
	Keywords = {galaxies: clusters: general, galaxies: evolution, galaxies: formation, galaxies: high-redshift},
	Month = feb,
	Pages = {188},
	Primaryclass = {astro-ph.CO},
	Title = {{The Gemini Cluster Astrophysics Spectroscopic Survey (GCLASS): The Role of Environment and Self-regulation in Galaxy Evolution at z \~{} 1}},
	Volume = 746,
	Year = 2012,
	Bdsk-Url-1 = {http://dx.doi.org/10.1088/0004-637X/746/2/188}}

@article{Gladders:2000rq,
	Adsnote = {Provided by the SAO/NASA Astrophysics Data System},
	Adsurl = {http://adsabs.harvard.edu/abs/2000AJ....120.2148G},
	Author = {{Gladders}, M.~D. and {Yee}, H.~K.~C.},
	Date-Added = {2013-07-26 13:36:08 -0700},
	Date-Modified = {2013-07-26 13:36:10 -0700},
	Doi = {10.1086/301557},
	Eprint = {arXiv:astro-ph/0004092},
	Journal = {\aj},
	Keywords = {Galaxies: Clusters: General, Methods: Data Analysis},
	Month = oct,
	Pages = {2148-2162},
	Title = {{A New Method For Galaxy Cluster Detection. I. The Algorithm}},
	Volume = 120,
	Year = 2000,
	Bdsk-Url-1 = {http://dx.doi.org/10.1086/301557}}

@article{Mei:2009wt,
	Adsnote = {Provided by the SAO/NASA Astrophysics Data System},
	Adsurl = {http://adsabs.harvard.edu/abs/2009ApJ...690...42M},
	Archiveprefix = {arXiv},
	Author = {{Mei}, S. and {Holden}, B.~P. and {Blakeslee}, J.~P. and {Ford}, H.~C. and {Franx}, M. and {Homeier}, N.~L. and {Illingworth}, G.~D. and {Jee}, M.~J. and {Overzier}, R. and {Postman}, M. and {Rosati}, P. and {Van der Wel}, A. and {Bartlett}, J.~G.},
	Date-Added = {2013-07-25 14:59:54 -0700},
	Date-Modified = {2013-07-25 14:59:55 -0700},
	Doi = {10.1088/0004-637X/690/1/42},
	Eprint = {0810.1917},
	Journal = {\apj},
	Keywords = {galaxies: clusters: general, galaxies: elliptical and lenticular, cD, galaxies: evolution},
	Month = jan,
	Pages = {42-68},
	Title = {{Evolution of the Color-Magnitude Relation in Galaxy Clusters at z \~{} 1 from the ACS Intermediate Redshift Cluster Survey}},
	Volume = 690,
	Year = 2009,
	Bdsk-Url-1 = {http://dx.doi.org/10.1088/0004-637X/690/1/42}}

@article{Maraston:2005oj,
	Adsnote = {Provided by the SAO/NASA Astrophysics Data System},
	Adsurl = {http://adsabs.harvard.edu/abs/2005MNRAS.362..799M},
	Author = {{Maraston}, C.},
	Date-Added = {2013-07-25 14:56:20 -0700},
	Date-Modified = {2013-07-25 14:56:22 -0700},
	Doi = {10.1111/j.1365-2966.2005.09270.x},
	Eprint = {arXiv:astro-ph/0410207},
	Journal = {\mnras},
	Keywords = {stars: AGB and post-AGB, stars: evolution, galaxies: evolution, galaxies: stellar content, cosmology: early Universe},
	Month = sep,
	Pages = {799-825},
	Title = {{Evolutionary population synthesis: models, analysis of the ingredients and application to high-z galaxies}},
	Volume = 362,
	Year = 2005,
	Bdsk-Url-1 = {http://dx.doi.org/10.1111/j.1365-2966.2005.09270.x}}

@article{Kriek:2010fq,
	Adsnote = {Provided by the SAO/NASA Astrophysics Data System},
	Adsurl = {http://adsabs.harvard.edu/abs/2010ApJ...722L..64K},
	Archiveprefix = {arXiv},
	Author = {{Kriek}, M. and {Labb{\'e}}, I. and {Conroy}, C. and {Whitaker}, K.~E. and {van Dokkum}, P.~G. and {Brammer}, G.~B. and {Franx}, M. and {Illingworth}, G.~D. and {Marchesini}, D. and {Muzzin}, A. and {Quadri}, R.~F. and {Rudnick}, G.},
	Date-Added = {2013-07-25 14:55:27 -0700},
	Date-Modified = {2013-07-25 14:55:30 -0700},
	Doi = {10.1088/2041-8205/722/1/L64},
	Eprint = {1008.4357},
	Journal = {\apjl},
	Keywords = {galaxies: evolution, galaxies: stellar content, stars: AGB and post-AGB},
	Month = oct,
	Pages = {L64-L69},
	Primaryclass = {astro-ph.CO},
	Title = {{The Spectral Energy Distribution of Post-starburst Galaxies in the NEWFIRM Medium-band Survey: A Low Contribution from TP-AGB Stars}},
	Volume = 722,
	Year = 2010,
	Bdsk-Url-1 = {http://dx.doi.org/10.1088/2041-8205/722/1/L64}}

@article{Kriek:2009eq,
	Adsnote = {Provided by the SAO/NASA Astrophysics Data System},
	Adsurl = {http://adsabs.harvard.edu/abs/2009ApJ...700..221K},
	Archiveprefix = {arXiv},
	Author = {{Kriek}, M. and {van Dokkum}, P.~G. and {Labb{\'e}}, I. and {Franx}, M. and {Illingworth}, G.~D. and {Marchesini}, D. and {Quadri}, R.~F.},
	Date-Added = {2013-07-25 14:54:24 -0700},
	Date-Modified = {2013-07-25 14:54:25 -0700},
	Doi = {10.1088/0004-637X/700/1/221},
	Eprint = {0905.1692},
	Journal = {\apj},
	Keywords = {galaxies: evolution, galaxies: formation, galaxies: high-redshift},
	Month = jul,
	Pages = {221-231},
	Primaryclass = {astro-ph.CO},
	Title = {{An Ultra-Deep Near-Infrared Spectrum of a Compact Quiescent Galaxy at z = 2.2}},
	Volume = 700,
	Year = 2009,
	Bdsk-Url-1 = {http://dx.doi.org/10.1088/0004-637X/700/1/221}}

@article{Bruzual:2003by,
	Adsnote = {Provided by the SAO/NASA Astrophysics Data System},
	Adsurl = {http://adsabs.harvard.edu/abs/2003MNRAS.344.1000B},
	Author = {{Bruzual}, G. and {Charlot}, S.},
	Date-Added = {2013-07-25 14:51:32 -0700},
	Date-Modified = {2013-07-25 14:51:34 -0700},
	Doi = {10.1046/j.1365-8711.2003.06897.x},
	Eprint = {arXiv:astro-ph/0309134},
	Journal = {\mnras},
	Keywords = {stars: evolution, galaxies: evolution, galaxies: formation, galaxies: stellar content},
	Month = oct,
	Pages = {1000-1028},
	Title = {{Stellar population synthesis at the resolution of 2003}},
	Volume = 344,
	Year = 2003,
	Bdsk-Url-1 = {http://dx.doi.org/10.1046/j.1365-8711.2003.06897.x}}

@article{Brammer:2008uk,
	Adsnote = {Provided by the SAO/NASA Astrophysics Data System},
	Adsurl = {http://adsabs.harvard.edu/abs/2008ApJ...686.1503B},
	Archiveprefix = {arXiv},
	Author = {{Brammer}, G.~B. and {van Dokkum}, P.~G. and {Coppi}, P.},
	Date-Added = {2013-07-25 14:50:30 -0700},
	Date-Modified = {2013-07-25 14:50:33 -0700},
	Doi = {10.1086/591786},
	Eprint = {0807.1533},
	Journal = {\apj},
	Keywords = {Cosmology: Observations, Galaxies: Evolution, Galaxies: Formation},
	Month = oct,
	Pages = {1503-1513},
	Title = {{EAZY: A Fast, Public Photometric Redshift Code}},
	Volume = 686,
	Year = 2008,
	Bdsk-Url-1 = {http://dx.doi.org/10.1086/591786}}

@article{Kuijken:2008vf,
	Adsnote = {Provided by the SAO/NASA Astrophysics Data System},
	Adsurl = {http://adsabs.harvard.edu/abs/2008A%26A...482.1053K},
	Author = {{Kuijken}, K.},
	Date-Added = {2013-07-25 14:47:07 -0700},
	Date-Modified = {2013-07-25 14:47:09 -0700},
	Doi = {10.1051/0004-6361:20066601},
	Journal = {\aap},
	Keywords = {techniques: image processing, methods: data analysis, techniques: photometric, galaxies: fundamental parameters},
	Month = may,
	Pages = {1053-1067},
	Title = {{GaaP: PSF- and aperture-matched photometry using shapelets}},
	Volume = 482,
	Year = 2008,
	Bdsk-Url-1 = {http://dx.doi.org/10.1051/0004-6361:20066601}}

@article{chabrierimf,
	Adsnote = {Provided by the SAO/NASA Astrophysics Data System},
	Adsurl = {http://adsabs.harvard.edu/abs/2003ApJ...586L.133C},
	Author = {{Chabrier}, G.},
	Doi = {10.1086/374879},
	Eprint = {astro-ph/0302511},
	Journal = {\apjl},
	Keywords = {Galaxy: Stellar Content, Stars: Low-Mass, Brown Dwarfs, Stars: Luminosity Function, Mass Function},
	Month = apr,
	Pages = {L133-L136},
	Title = {{The Galactic Disk Mass Function: Reconciliation of the Hubble Space Telescope and Nearby Determinations}},
	Volume = 586,
	Year = 2003,
	Bdsk-Url-1 = {http://dx.doi.org/10.1086/374879}}

@article{kodamared,
	Adsnote = {Provided by the SAO/NASA Astrophysics Data System},
	Adsurl = {http://adsabs.harvard.edu/abs/2007MNRAS.377.1717K},
	Author = {{Kodama}, T. and {Tanaka}, I. and {Kajisawa}, M. and {Kurk}, J. and {Venemans}, B. and {De Breuck}, C. and {Vernet}, J. and {Lidman}, C.},
	Doi = {10.1111/j.1365-2966.2007.11739.x},
	Eprint = {astro-ph/0703382},
	Journal = {\mnras},
	Keywords = {galaxies: clusters: general, galaxies: evolution, galaxies: formation, galaxies: high-redshift},
	Month = jun,
	Pages = {1717-1725},
	Title = {{The first appearance of the red sequence of galaxies in proto-clusters at 2 {\lt}\~{} z {\lt}\~{} 3}},
	Volume = 377,
	Year = 2007,
	Bdsk-Url-1 = {http://dx.doi.org/10.1111/j.1365-2966.2007.11739.x}}

@article{zirmred,
	Adsnote = {Provided by the SAO/NASA Astrophysics Data System},
	Adsurl = {http://adsabs.harvard.edu/abs/2008ApJ...680..224Z},
	Archiveprefix = {arXiv},
	Author = {{Zirm}, A.~W. and {Stanford}, S.~A. and {Postman}, M. and {Overzier}, R.~A. and {Blakeslee}, J.~P. and {Rosati}, P. and {Kurk}, J. and {Pentericci}, L. and {Venemans}, B. and {Miley}, G.~K. and {R{\"o}ttgering}, H.~J.~A. and {Franx}, M. and {van der Wel}, A. and {Demarco}, R. and {van Breugel}, W.},
	Doi = {10.1086/587449},
	Eprint = {0802.2095},
	Journal = {\apj},
	Keywords = {galaxies: clusters: individual (MRC 1138-262), Galaxies: Evolution, Galaxies: Formation, Galaxies: High-Redshift, Galaxies: Stellar Content},
	Month = jun,
	Pages = {224-231},
	Title = {{The Nascent Red Sequence at z\~{}2}},
	Volume = 680,
	Year = 2008,
	Bdsk-Url-1 = {http://dx.doi.org/10.1086/587449}}

@article{haines2013,
	Adsnote = {Provided by the SAO/NASA Astrophysics Data System},
	Adsurl = {http://adsabs.harvard.edu/abs/2013ApJ...775..126H},
	Archiveprefix = {arXiv},
	Author = {{Haines}, C.~P. and {Pereira}, M.~J. and {Smith}, G.~P. and {Egami}, E. and {Sanderson}, A.~J.~R. and {Babul}, A. and {Finoguenov}, A. and {Merluzzi}, P. and {Busarello}, G. and {Rawle}, T.~D. and {Okabe}, N.},
	Doi = {10.1088/0004-637X/775/2/126},
	Eid = {126},
	Eprint = {1307.1135},
	Journal = {\apj},
	Keywords = {galaxies: clusters: general, galaxies: evolution, galaxies: spiral},
	Month = oct,
	Pages = {126},
	Primaryclass = {astro-ph.CO},
	Title = {{LoCuSS: The Steady Decline and Slow Quenching of Star Formation in Cluster Galaxies over the Last Four Billion Years}},
	Volume = 775,
	Year = 2013,
	Bdsk-Url-1 = {http://dx.doi.org/10.1088/0004-637X/775/2/126}}

@inproceedings{fordACS,
	Adsnote = {Provided by the SAO/NASA Astrophysics Data System},
	Adsurl = {http://adsabs.harvard.edu/abs/2004ASSL..319..459F},
	Author = {{Ford}, H. and {Postman}, M. and {Blakeslee}, J.~P. and {Demarco}, R. and {Jee}, M.~J. and {Rosati}, P. and {Holden}, B.~P. and {Homeier}, N. and {Illingworth}, G. and {White}, R.~L.},
	Booktitle = {Penetrating Bars Through Masks of Cosmic Dust},
	Date-Modified = {2015-10-05 00:33:17 +0000},
	Editor = {{Block}, D.~L. and {Puerari}, I. and {Freeman}, K.~C. and {Groess}, R. and {Block}, E.~K.},
	Eprint = {astro-ph/0408165},
	Month = jan,
	Pages = {459},
	Publisher = {Springer Netherlands},
	Series = {Astrophysics and Space Science Library},
	Title = {{The Evolutionary Status of Clusters of Galaxies at z {\tilde} 1}},
	Volume = 319,
	Year = 2004}
