%% This BibTeX bibliography file was created using BibDesk.
%% http://bibdesk.sourceforge.net/


%% Created for Ryan Foltz at 2017-10-18 20:56:05 -0700 


%% Saved with string encoding Unicode (UTF-8) 



@article{Childress:2017aa,
	Adsnote = {Provided by the SAO/NASA Astrophysics Data System},
	Adsurl = {http://adsabs.harvard.edu/abs/2017MNRAS.472..273C},
	Archiveprefix = {arXiv},
	Author = {{Childress}, M.~J. and {Lidman}, C. and {Davis}, T.~M. and {Tucker}, B.~E. and {Asorey}, J. and {Yuan}, F. and {Abbott}, T.~M.~C. and {Abdalla}, F.~B. and {Allam}, S. and {Annis}, J. and {Banerji}, M. and {Benoit-L{\'e}vy}, A. and {Bernard}, S.~R. and {Bertin}, E. and {Brooks}, D. and {Buckley-Geer}, E. and {Burke}, D.~L. and {Carnero Rosell}, A. and {Carollo}, D. and {Carrasco Kind}, M. and {Carretero}, J. and {Castander}, F.~J. and {Cunha}, C.~E. and {da Costa}, L.~N. and {D'Andrea}, C.~B. and {Doel}, P. and {Eifler}, T.~F. and {Evrard}, A.~E. and {Flaugher}, B. and {Foley}, R.~J. and {Fosalba}, P. and {Frieman}, J. and {Garc{\'{\i}}a-Bellido}, J. and {Glazebrook}, K. and {Goldstein}, D.~A. and {Gruen}, D. and {Gruendl}, R.~A. and {Gschwend}, J. and {Gupta}, R.~R. and {Gutierrez}, G. and {Hinton}, S.~R. and {Hoormann}, J.~K. and {James}, D.~J. and {Kessler}, R. and {Kim}, A.~G. and {King}, A.~L. and {Kovacs}, E. and {Kuehn}, K. and {Kuhlmann}, S. and {Kuropatkin}, N. and {Lagattuta}, D.~J. and {Lewis}, G.~F. and {Li}, T.~S. and {Lima}, M. and {Lin}, H. and {Macaulay}, E. and {Maia}, M.~A.~G. and {Marriner}, J. and {March}, M. and {Marshall}, J.~L. and {Martini}, P. and {McMahon}, R.~G. and {Menanteau}, F. and {Miquel}, R. and {Moller}, A. and {Morganson}, E. and {Mould}, J. and {Mudd}, D. and {Muthukrishna}, D. and {Nichol}, R.~C. and {Nord}, B. and {Ogando}, R.~L.~C. and {Ostrovski}, F. and {Parkinson}, D. and {Plazas}, A.~A. and {Reed}, S.~L. and {Reil}, K. and {Romer}, A.~K. and {Rykoff}, E.~S. and {Sako}, M. and {Sanchez}, E. and {Scarpine}, V. and {Schindler}, R. and {Schubnell}, M. and {Scolnic}, D. and {Sevilla-Noarbe}, I. and {Seymour}, N. and {Sharp}, R. and {Smith}, M. and {Soares-Santos}, M. and {Sobreira}, F. and {Sommer}, N.~E. and {Spinka}, H. and {Suchyta}, E. and {Sullivan}, M. and {Swanson}, M.~E.~C. and {Tarle}, G. and {Uddin}, S.~A. and {Walker}, A.~R. and {Wester}, W. and {Zhang}, B.~R.},
	Date-Added = {2017-10-18 21:40:28 +0000},
	Date-Modified = {2017-10-18 21:40:28 +0000},
	Doi = {10.1093/mnras/stx1872},
	Eprint = {1708.04526},
	Journal = {\mnras},
	Keywords = {supernovae: general, dark energy},
	Month = nov,
	Pages = {273-288},
	Title = {{OzDES multifibre spectroscopy for the Dark Energy Survey: 3-yr results and first data release}},
	Volume = 472,
	Year = 2017,
	Bdsk-Url-1 = {http://dx.doi.org/10.1093/mnras/stx1872}}

@article{van-der-Burg:2013aa,
	Adsnote = {Provided by the SAO/NASA Astrophysics Data System},
	Adsurl = {http://adsabs.harvard.edu/abs/2013A%26A...557A..15V},
	Archiveprefix = {arXiv},
	Author = {{van der Burg}, R.~F.~J. and {Muzzin}, A. and {Hoekstra}, H. and {Lidman}, C. and {Rettura}, A. and {Wilson}, G. and {Yee}, H.~K.~C. and {Hildebrandt}, H. and {Marchesini}, D. and {Stefanon}, M. and {Demarco}, R. and {Kuijken}, K.},
	Date-Added = {2017-10-16 20:21:32 +0000},
	Date-Modified = {2017-10-16 20:21:32 +0000},
	Doi = {10.1051/0004-6361/201321237},
	Eid = {A15},
	Eprint = {1304.5525},
	Journal = {\aap},
	Keywords = {galaxies: clusters: general, galaxies: luminosity function, mass function, galaxies: evolution, galaxies: photometry},
	Month = sep,
	Pages = {A15},
	Title = {{The environmental dependence of the stellar mass function at z \~{} 1. Comparing cluster and field between the GCLASS and UltraVISTA surveys}},
	Volume = 557,
	Year = 2013,
	Bdsk-Url-1 = {http://dx.doi.org/10.1051/0004-6361/201321237}}

@article{Tinker:2010aa,
	Adsnote = {Provided by the SAO/NASA Astrophysics Data System},
	Adsurl = {http://adsabs.harvard.edu/abs/2010ApJ...719...88T},
	Archiveprefix = {arXiv},
	Author = {{Tinker}, J.~L. and {Wetzel}, A.~R.},
	Date-Added = {2017-10-16 01:00:23 +0000},
	Date-Modified = {2017-10-16 01:00:23 +0000},
	Doi = {10.1088/0004-637X/719/1/88},
	Eprint = {0909.1325},
	Journal = {\apj},
	Keywords = {cosmology: observations, galaxies: clusters: general},
	Month = aug,
	Pages = {88-103},
	Primaryclass = {astro-ph.CO},
	Title = {{What does Clustering Tell us About the Buildup of the Red Sequence?}},
	Volume = 719,
	Year = 2010,
	Bdsk-Url-1 = {http://dx.doi.org/10.1088/0004-637X/719/1/88}}

@article{Behroozi:2013aa,
	Adsnote = {Provided by the SAO/NASA Astrophysics Data System},
	Adsurl = {http://adsabs.harvard.edu/abs/2013ApJ...770...57B},
	Archiveprefix = {arXiv},
	Author = {{Behroozi}, P.~S. and {Wechsler}, R.~H. and {Conroy}, C.},
	Date-Added = {2017-10-16 00:14:52 +0000},
	Date-Modified = {2017-10-16 00:14:52 +0000},
	Doi = {10.1088/0004-637X/770/1/57},
	Eid = {57},
	Eprint = {1207.6105},
	Journal = {\apj},
	Keywords = {dark matter, galaxies: abundances, galaxies: evolution, methods: numerical},
	Month = jun,
	Pages = {57},
	Primaryclass = {astro-ph.CO},
	Title = {{The Average Star Formation Histories of Galaxies in Dark Matter Halos from z = 0-8}},
	Volume = 770,
	Year = 2013,
	Bdsk-Url-1 = {http://dx.doi.org/10.1088/0004-637X/770/1/57}}

@article{Saintonge:2011aa,
	Adsnote = {Provided by the SAO/NASA Astrophysics Data System},
	Adsurl = {http://adsabs.harvard.edu/abs/2011MNRAS.415...32S},
	Archiveprefix = {arXiv},
	Author = {{Saintonge}, A. and {Kauffmann}, G. and {Kramer}, C. and {Tacconi}, L.~J. and {Buchbender}, C. and {Catinella}, B. and {Fabello}, S. and {Graci{\'a}-Carpio}, J. and {Wang}, J. and {Cortese}, L. and {Fu}, J. and {Genzel}, R. and {Giovanelli}, R. and {Guo}, Q. and {Haynes}, M.~P. and {Heckman}, T.~M. and {Krumholz}, M.~R. and {Lemonias}, J. and {Li}, C. and {Moran}, S. and {Rodriguez-Fernandez}, N. and {Schiminovich}, D. and {Schuster}, K. and {Sievers}, A.},
	Date-Added = {2017-10-12 23:52:47 +0000},
	Date-Modified = {2017-10-12 23:52:47 +0000},
	Doi = {10.1111/j.1365-2966.2011.18677.x},
	Eprint = {1103.1642},
	Journal = {\mnras},
	Keywords = {surveys, galaxies: evolution, galaxies: fundamental parameters, galaxies: ISM, radio lines: galaxies},
	Month = jul,
	Pages = {32-60},
	Primaryclass = {astro-ph.CO},
	Title = {{COLD GASS, an IRAM legacy survey of molecular gas in massive galaxies - I. Relations between H$_{2}$, H I, stellar content and structural properties}},
	Volume = 415,
	Year = 2011,
	Bdsk-Url-1 = {http://dx.doi.org/10.1111/j.1365-2966.2011.18677.x}}

@article{Bauermeister:2010aa,
	Adsnote = {Provided by the SAO/NASA Astrophysics Data System},
	Adsurl = {http://adsabs.harvard.edu/abs/2010ApJ...717..323B},
	Archiveprefix = {arXiv},
	Author = {{Bauermeister}, A. and {Blitz}, L. and {Ma}, C.-P.},
	Date-Added = {2017-10-12 23:29:14 +0000},
	Date-Modified = {2017-10-12 23:29:14 +0000},
	Doi = {10.1088/0004-637X/717/1/323},
	Eprint = {0909.3840},
	Journal = {\apj},
	Keywords = {galaxies: evolution, galaxies: ISM, stars: formation},
	Month = jul,
	Pages = {323-332},
	Title = {{The Gas Consumption History to Redshift 4}},
	Volume = 717,
	Year = 2010,
	Bdsk-Url-1 = {http://dx.doi.org/10.1088/0004-637X/717/1/323}}

@article{Brammer:2012aa,
	Adsnote = {Provided by the SAO/NASA Astrophysics Data System},
	Adsurl = {http://adsabs.harvard.edu/abs/2012ApJS..200...13B},
	Archiveprefix = {arXiv},
	Author = {{Brammer}, G.~B. and {van Dokkum}, P.~G. and {Franx}, M. and {Fumagalli}, M. and {Patel}, S. and {Rix}, H.-W. and {Skelton}, R.~E. and {Kriek}, M. and {Nelson}, E. and {Schmidt}, K.~B. and {Bezanson}, R. and {da Cunha}, E. and {Erb}, D.~K. and {Fan}, X. and {F{\"o}rster Schreiber}, N. and {Illingworth}, G.~D. and {Labb{\'e}}, I. and {Leja}, J. and {Lundgren}, B. and {Magee}, D. and {Marchesini}, D. and {McCarthy}, P. and {Momcheva}, I. and {Muzzin}, A. and {Quadri}, R. and {Steidel}, C.~C. and {Tal}, T. and {Wake}, D. and {Whitaker}, K.~E. and {Williams}, A.},
	Date-Added = {2017-10-10 23:12:00 +0000},
	Date-Modified = {2017-10-10 23:12:00 +0000},
	Doi = {10.1088/0067-0049/200/2/13},
	Eid = {13},
	Eprint = {1204.2829},
	Journal = {\apjs},
	Keywords = {galaxies: high-redshift, surveys},
	Month = jun,
	Pages = {13},
	Title = {{3D-HST: A Wide-field Grism Spectroscopic Survey with the Hubble Space Telescope}},
	Volume = 200,
	Year = 2012,
	Bdsk-Url-1 = {http://dx.doi.org/10.1088/0067-0049/200/2/13}}

@article{Koekemoer:2011aa,
	Adsnote = {Provided by the SAO/NASA Astrophysics Data System},
	Adsurl = {http://adsabs.harvard.edu/abs/2011ApJS..197...36K},
	Archiveprefix = {arXiv},
	Author = {{Koekemoer}, A.~M. and {Faber}, S.~M. and {Ferguson}, H.~C. and {Grogin}, N.~A. and {Kocevski}, D.~D. and {Koo}, D.~C. and {Lai}, K. and {Lotz}, J.~M. and {Lucas}, R.~A. and {McGrath}, E.~J. and {Ogaz}, S. and {Rajan}, A. and {Riess}, A.~G. and {Rodney}, S.~A. and {Strolger}, L. and {Casertano}, S. and {Castellano}, M. and {Dahlen}, T. and {Dickinson}, M. and {Dolch}, T. and {Fontana}, A. and {Giavalisco}, M. and {Grazian}, A. and {Guo}, Y. and {Hathi}, N.~P. and {Huang}, K.-H. and {van der Wel}, A. and {Yan}, H.-J. and {Acquaviva}, V. and {Alexander}, D.~M. and {Almaini}, O. and {Ashby}, M.~L.~N. and {Barden}, M. and {Bell}, E.~F. and {Bournaud}, F. and {Brown}, T.~M. and {Caputi}, K.~I. and {Cassata}, P. and {Challis}, P.~J. and {Chary}, R.-R. and {Cheung}, E. and {Cirasuolo}, M. and {Conselice}, C.~J. and {Roshan Cooray}, A. and {Croton}, D.~J. and {Daddi}, E. and {Dav{\'e}}, R. and {de Mello}, D.~F. and {de Ravel}, L. and {Dekel}, A. and {Donley}, J.~L. and {Dunlop}, J.~S. and {Dutton}, A.~A. and {Elbaz}, D. and {Fazio}, G.~G. and {Filippenko}, A.~V. and {Finkelstein}, S.~L. and {Frazer}, C. and {Gardner}, J.~P. and {Garnavich}, P.~M. and {Gawiser}, E. and {Gruetzbauch}, R. and {Hartley}, W.~G. and {H{\"a}ussler}, B. and {Herrington}, J. and {Hopkins}, P.~F. and {Huang}, J.-S. and {Jha}, S.~W. and {Johnson}, A. and {Kartaltepe}, J.~S. and {Khostovan}, A.~A. and {Kirshner}, R.~P. and {Lani}, C. and {Lee}, K.-S. and {Li}, W. and {Madau}, P. and {McCarthy}, P.~J. and {McIntosh}, D.~H. and {McLure}, R.~J. and {McPartland}, C. and {Mobasher}, B. and {Moreira}, H. and {Mortlock}, A. and {Moustakas}, L.~A. and {Mozena}, M. and {Nandra}, K. and {Newman}, J.~A. and {Nielsen}, J.~L. and {Niemi}, S. and {Noeske}, K.~G. and {Papovich}, C.~J. and {Pentericci}, L. and {Pope}, A. and {Primack}, J.~R. and {Ravindranath}, S. and {Reddy}, N.~A. and {Renzini}, A. and {Rix}, H.-W. and {Robaina}, A.~R. and {Rosario}, D.~J. and {Rosati}, P. and {Salimbeni}, S. and {Scarlata}, C. and {Siana}, B. and {Simard}, L. and {Smidt}, J. and {Snyder}, D. and {Somerville}, R.~S. and {Spinrad}, H. and {Straughn}, A.~N. and {Telford}, O. and {Teplitz}, H.~I. and {Trump}, J.~R. and {Vargas}, C. and {Villforth}, C. and {Wagner}, C.~R. and {Wandro}, P. and {Wechsler}, R.~H. and {Weiner}, B.~J. and {Wiklind}, T. and {Wild}, V. and {Wilson}, G. and {Wuyts}, S. and {Yun}, M.~S.},
	Date-Added = {2017-10-10 23:11:06 +0000},
	Date-Modified = {2017-10-10 23:11:06 +0000},
	Doi = {10.1088/0067-0049/197/2/36},
	Eid = {36},
	Eprint = {1105.3754},
	Journal = {\apjs},
	Keywords = {cosmology: observations, galaxies: high-redshift},
	Month = dec,
	Pages = {36},
	Title = {{CANDELS: The Cosmic Assembly Near-infrared Deep Extragalactic Legacy Survey{\mdash}The Hubble Space Telescope Observations, Imaging Data Products, and Mosaics}},
	Volume = 197,
	Year = 2011,
	Bdsk-Url-1 = {http://dx.doi.org/10.1088/0067-0049/197/2/36}}

@article{Grogin:2011aa,
	Adsnote = {Provided by the SAO/NASA Astrophysics Data System},
	Adsurl = {http://adsabs.harvard.edu/abs/2011ApJS..197...35G},
	Archiveprefix = {arXiv},
	Author = {{Grogin}, N.~A. and {Kocevski}, D.~D. and {Faber}, S.~M. and {Ferguson}, H.~C. and {Koekemoer}, A.~M. and {Riess}, A.~G. and {Acquaviva}, V. and {Alexander}, D.~M. and {Almaini}, O. and {Ashby}, M.~L.~N. and {Barden}, M. and {Bell}, E.~F. and {Bournaud}, F. and {Brown}, T.~M. and {Caputi}, K.~I. and {Casertano}, S. and {Cassata}, P. and {Castellano}, M. and {Challis}, P. and {Chary}, R.-R. and {Cheung}, E. and {Cirasuolo}, M. and {Conselice}, C.~J. and {Roshan Cooray}, A. and {Croton}, D.~J. and {Daddi}, E. and {Dahlen}, T. and {Dav{\'e}}, R. and {de Mello}, D.~F. and {Dekel}, A. and {Dickinson}, M. and {Dolch}, T. and {Donley}, J.~L. and {Dunlop}, J.~S. and {Dutton}, A.~A. and {Elbaz}, D. and {Fazio}, G.~G. and {Filippenko}, A.~V. and {Finkelstein}, S.~L. and {Fontana}, A. and {Gardner}, J.~P. and {Garnavich}, P.~M. and {Gawiser}, E. and {Giavalisco}, M. and {Grazian}, A. and {Guo}, Y. and {Hathi}, N.~P. and {H{\"a}ussler}, B. and {Hopkins}, P.~F. and {Huang}, J.-S. and {Huang}, K.-H. and {Jha}, S.~W. and {Kartaltepe}, J.~S. and {Kirshner}, R.~P. and {Koo}, D.~C. and {Lai}, K. and {Lee}, K.-S. and {Li}, W. and {Lotz}, J.~M. and {Lucas}, R.~A. and {Madau}, P. and {McCarthy}, P.~J. and {McGrath}, E.~J. and {McIntosh}, D.~H. and {McLure}, R.~J. and {Mobasher}, B. and {Moustakas}, L.~A. and {Mozena}, M. and {Nandra}, K. and {Newman}, J.~A. and {Niemi}, S.-M. and {Noeske}, K.~G. and {Papovich}, C.~J. and {Pentericci}, L. and {Pope}, A. and {Primack}, J.~R. and {Rajan}, A. and {Ravindranath}, S. and {Reddy}, N.~A. and {Renzini}, A. and {Rix}, H.-W. and {Robaina}, A.~R. and {Rodney}, S.~A. and {Rosario}, D.~J. and {Rosati}, P. and {Salimbeni}, S. and {Scarlata}, C. and {Siana}, B. and {Simard}, L. and {Smidt}, J. and {Somerville}, R.~S. and {Spinrad}, H. and {Straughn}, A.~N. and {Strolger}, L.-G. and {Telford}, O. and {Teplitz}, H.~I. and {Trump}, J.~R. and {van der Wel}, A. and {Villforth}, C. and {Wechsler}, R.~H. and {Weiner}, B.~J. and {Wiklind}, T. and {Wild}, V. and {Wilson}, G. and {Wuyts}, S. and {Yan}, H.-J. and {Yun}, M.~S.},
	Date-Added = {2017-10-10 23:09:58 +0000},
	Date-Modified = {2017-10-10 23:09:58 +0000},
	Doi = {10.1088/0067-0049/197/2/35},
	Eid = {35},
	Eprint = {1105.3753},
	Journal = {\apjs},
	Keywords = {cosmology: observations, galaxies: high-redshift},
	Month = dec,
	Pages = {35},
	Title = {{CANDELS: The Cosmic Assembly Near-infrared Deep Extragalactic Legacy Survey}},
	Volume = 197,
	Year = 2011,
	Bdsk-Url-1 = {http://dx.doi.org/10.1088/0067-0049/197/2/35}}

@article{York:2000aa,
	Adsnote = {Provided by the SAO/NASA Astrophysics Data System},
	Adsurl = {http://adsabs.harvard.edu/abs/2000AJ....120.1579Y},
	Author = {{York}, D.~G. and {Adelman}, J. and {Anderson}, Jr., J.~E. and {Anderson}, S.~F. and {Annis}, J. and {Bahcall}, N.~A. and {Bakken}, J.~A. and {Barkhouser}, R. and {Bastian}, S. and {Berman}, E. and {Boroski}, W.~N. and {Bracker}, S. and {Briegel}, C. and {Briggs}, J.~W. and {Brinkmann}, J. and {Brunner}, R. and {Burles}, S. and {Carey}, L. and {Carr}, M.~A. and {Castander}, F.~J. and {Chen}, B. and {Colestock}, P.~L. and {Connolly}, A.~J. and {Crocker}, J.~H. and {Csabai}, I. and {Czarapata}, P.~C. and {Davis}, J.~E. and {Doi}, M. and {Dombeck}, T. and {Eisenstein}, D. and {Ellman}, N. and {Elms}, B.~R. and {Evans}, M.~L. and {Fan}, X. and {Federwitz}, G.~R. and {Fiscelli}, L. and {Friedman}, S. and {Frieman}, J.~A. and {Fukugita}, M. and {Gillespie}, B. and {Gunn}, J.~E. and {Gurbani}, V.~K. and {de Haas}, E. and {Haldeman}, M. and {Harris}, F.~H. and {Hayes}, J. and {Heckman}, T.~M. and {Hennessy}, G.~S. and {Hindsley}, R.~B. and {Holm}, S. and {Holmgren}, D.~J. and {Huang}, C.-h. and {Hull}, C. and {Husby}, D. and {Ichikawa}, S.-I. and {Ichikawa}, T. and {Ivezi{\'c}}, {\v Z}. and {Kent}, S. and {Kim}, R.~S.~J. and {Kinney}, E. and {Klaene}, M. and {Kleinman}, A.~N. and {Kleinman}, S. and {Knapp}, G.~R. and {Korienek}, J. and {Kron}, R.~G. and {Kunszt}, P.~Z. and {Lamb}, D.~Q. and {Lee}, B. and {Leger}, R.~F. and {Limmongkol}, S. and {Lindenmeyer}, C. and {Long}, D.~C. and {Loomis}, C. and {Loveday}, J. and {Lucinio}, R. and {Lupton}, R.~H. and {MacKinnon}, B. and {Mannery}, E.~J. and {Mantsch}, P.~M. and {Margon}, B. and {McGehee}, P. and {McKay}, T.~A. and {Meiksin}, A. and {Merelli}, A. and {Monet}, D.~G. and {Munn}, J.~A. and {Narayanan}, V.~K. and {Nash}, T. and {Neilsen}, E. and {Neswold}, R. and {Newberg}, H.~J. and {Nichol}, R.~C. and {Nicinski}, T. and {Nonino}, M. and {Okada}, N. and {Okamura}, S. and {Ostriker}, J.~P. and {Owen}, R. and {Pauls}, A.~G. and {Peoples}, J. and {Peterson}, R.~L. and {Petravick}, D. and {Pier}, J.~R. and {Pope}, A. and {Pordes}, R. and {Prosapio}, A. and {Rechenmacher}, R. and {Quinn}, T.~R. and {Richards}, G.~T. and {Richmond}, M.~W. and {Rivetta}, C.~H. and {Rockosi}, C.~M. and {Ruthmansdorfer}, K. and {Sandford}, D. and {Schlegel}, D.~J. and {Schneider}, D.~P. and {Sekiguchi}, M. and {Sergey}, G. and {Shimasaku}, K. and {Siegmund}, W.~A. and {Smee}, S. and {Smith}, J.~A. and {Snedden}, S. and {Stone}, R. and {Stoughton}, C. and {Strauss}, M.~A. and {Stubbs}, C. and {SubbaRao}, M. and {Szalay}, A.~S. and {Szapudi}, I. and {Szokoly}, G.~P. and {Thakar}, A.~R. and {Tremonti}, C. and {Tucker}, D.~L. and {Uomoto}, A. and {Vanden Berk}, D. and {Vogeley}, M.~S. and {Waddell}, P. and {Wang}, S.-i. and {Watanabe}, M. and {Weinberg}, D.~H. and {Yanny}, B. and {Yasuda}, N. and {SDSS Collaboration}},
	Date-Added = {2017-10-10 18:31:05 +0000},
	Date-Modified = {2017-10-10 18:31:05 +0000},
	Doi = {10.1086/301513},
	Eprint = {astro-ph/0006396},
	Journal = {\aj},
	Keywords = {Cosmology: Observations, Instrumentation: Miscellaneous},
	Month = sep,
	Pages = {1579-1587},
	Title = {{The Sloan Digital Sky Survey: Technical Summary}},
	Volume = 120,
	Year = 2000,
	Bdsk-Url-1 = {http://dx.doi.org/10.1086/301513}}

@article{Gobat:2015aa,
	Adsnote = {Provided by the SAO/NASA Astrophysics Data System},
	Adsurl = {http://adsabs.harvard.edu/abs/2015A%26A...581A..56G},
	Archiveprefix = {arXiv},
	Author = {{Gobat}, R. and {Daddi}, E. and {B{\'e}thermin}, M. and {Pannella}, M. and {Finoguenov}, A. and {Gozaliasl}, G. and {Le Floc'h}, E. and {Schreiber}, C. and {Strazzullo}, V. and {Sargent}, M. and {Wang}, T. and {Hwang}, H.~S. and {Valentino}, F. and {Cappelluti}, N. and {Li}, Y. and {Hasinger}, G.},
	Date-Added = {2017-10-10 03:26:29 +0000},
	Date-Modified = {2017-10-10 03:26:29 +0000},
	Doi = {10.1051/0004-6361/201526274},
	Eid = {A56},
	Eprint = {1507.03953},
	Journal = {\aap},
	Keywords = {galaxies: halos, galaxies: evolution, galaxies: high-redshift, galaxies: star formation},
	Month = sep,
	Pages = {A56},
	Title = {{Satellite content and quenching of star formation in galaxy groups at z \~{} 1.8}},
	Volume = 581,
	Year = 2015,
	Bdsk-Url-1 = {http://dx.doi.org/10.1051/0004-6361/201526274}}

@article{Lemaux:2017aa,
	Adsnote = {Provided by the SAO/NASA Astrophysics Data System},
	Adsurl = {http://adsabs.harvard.edu/abs/2017MNRAS.472..419L},
	Archiveprefix = {arXiv},
	Author = {{Lemaux}, B.~C. and {Tomczak}, A.~R. and {Lubin}, L.~M. and {Wu}, P.-F. and {Gal}, R.~R. and {Rumbaugh}, N. and {Kocevski}, D.~D. and {Squires}, G.~K.},
	Date-Added = {2017-10-10 03:25:07 +0000},
	Date-Modified = {2017-10-10 03:25:07 +0000},
	Doi = {10.1093/mnras/stx1579},
	Eprint = {1608.00973},
	Journal = {\mnras},
	Keywords = {galaxies: evolution, techniques: photometric, techniques: spectroscopic, galaxies: clusters: general, galaxies: groups: general, galaxies: starburst},
	Month = nov,
	Pages = {419-438},
	Title = {{Chronos and KAIROS: MOSFIRE observations of post-starburst galaxies in z {\tilde} 1 clusters and groups}},
	Volume = 472,
	Year = 2017,
	Bdsk-Url-1 = {http://dx.doi.org/10.1093/mnras/stx1579}}

@article{Paccagnella:2017aa,
	Adsnote = {Provided by the SAO/NASA Astrophysics Data System},
	Adsurl = {http://adsabs.harvard.edu/abs/2017ApJ...838..148P},
	Archiveprefix = {arXiv},
	Author = {{Paccagnella}, A. and {Vulcani}, B. and {Poggianti}, B.~M. and {Fritz}, J. and {Fasano}, G. and {Moretti}, A. and {Jaff{\'e}}, Y.~L. and {Biviano}, A. and {Gullieuszik}, M. and {Bettoni}, D. and {Cava}, A. and {Couch}, W. and {D'Onofrio}, M.},
	Date-Added = {2017-10-10 03:24:32 +0000},
	Date-Modified = {2017-10-10 03:24:32 +0000},
	Doi = {10.3847/1538-4357/aa64d7},
	Eid = {148},
	Eprint = {1703.03204},
	Journal = {\apj},
	Keywords = {galaxies: clusters: general, galaxies: evolution, galaxies: formation, galaxies: star formation},
	Month = apr,
	Pages = {148},
	Title = {{OmegaWINGS: The First Complete Census of Post-starburst Galaxies in Clusters in the Local Universe}},
	Volume = 838,
	Year = 2017,
	Bdsk-Url-1 = {http://dx.doi.org/10.3847/1538-4357/aa64d7}}

@article{Paccagnella:2016aa,
	Adsnote = {Provided by the SAO/NASA Astrophysics Data System},
	Adsurl = {http://adsabs.harvard.edu/abs/2016ApJ...816L..25P},
	Archiveprefix = {arXiv},
	Author = {{Paccagnella}, A. and {Vulcani}, B. and {Poggianti}, B.~M. and {Moretti}, A. and {Fritz}, J. and {Gullieuszik}, M. and {Couch}, W. and {Bettoni}, D. and {Cava}, A. and {D'Onofrio}, M. and {Fasano}, G.},
	Date-Added = {2017-10-10 03:24:22 +0000},
	Date-Modified = {2017-10-10 03:24:22 +0000},
	Doi = {10.3847/2041-8205/816/2/L25},
	Eid = {L25},
	Eprint = {1512.04549},
	Journal = {\apjl},
	Keywords = {galaxies: clusters: general, galaxies: evolution, galaxies: formation, galaxies: star formation},
	Month = jan,
	Pages = {L25},
	Title = {{Slow Quenching of Star Formation in OMEGAWINGS Clusters: Galaxies in Transition in the Local Universe}},
	Volume = 816,
	Year = 2016,
	Bdsk-Url-1 = {http://dx.doi.org/10.3847/2041-8205/816/2/L25}}

@article{Taranu:2014aa,
	Adsnote = {Provided by the SAO/NASA Astrophysics Data System},
	Adsurl = {http://adsabs.harvard.edu/abs/2014MNRAS.440.1934T},
	Archiveprefix = {arXiv},
	Author = {{Taranu}, D.~S. and {Hudson}, M.~J. and {Balogh}, M.~L. and {Smith}, R.~J. and {Power}, C. and {Oman}, K.~A. and {Krane}, B.},
	Date-Added = {2017-10-09 23:19:41 +0000},
	Date-Modified = {2017-10-09 23:19:41 +0000},
	Doi = {10.1093/mnras/stu389},
	Eprint = {1211.3411},
	Journal = {\mnras},
	Keywords = {galaxies: clusters: general, galaxies: evolution, galaxies: formation, galaxies: haloes, galaxies: star formation, galaxies: stellar content},
	Month = may,
	Pages = {1934-1949},
	Title = {{Quenching star formation in cluster galaxies}},
	Volume = 440,
	Year = 2014,
	Bdsk-Url-1 = {http://dx.doi.org/10.1093/mnras/stu389}}

@article{Oman:2016aa,
	Adsnote = {Provided by the SAO/NASA Astrophysics Data System},
	Adsurl = {http://adsabs.harvard.edu/abs/2016MNRAS.463.3083O},
	Archiveprefix = {arXiv},
	Author = {{Oman}, K.~A. and {Hudson}, M.~J.},
	Date-Added = {2017-10-09 23:02:19 +0000},
	Date-Modified = {2017-10-09 23:02:19 +0000},
	Doi = {10.1093/mnras/stw2195},
	Eprint = {1607.07934},
	Journal = {\mnras},
	Keywords = {galaxies: clusters: general, galaxies: evolution},
	Month = dec,
	Pages = {3083-3095},
	Title = {{Satellite quenching time-scales in clusters from projected phase space measurements matched to simulated orbits}},
	Volume = 463,
	Year = 2016,
	Bdsk-Url-1 = {http://dx.doi.org/10.1093/mnras/stw2195}}

@article{McGee:2009aa,
	Adsnote = {Provided by the SAO/NASA Astrophysics Data System},
	Adsurl = {http://adsabs.harvard.edu/abs/2009MNRAS.400..937M},
	Archiveprefix = {arXiv},
	Author = {{McGee}, S.~L. and {Balogh}, M.~L. and {Bower}, R.~G. and {Font}, A.~S. and {McCarthy}, I.~G.},
	Date-Added = {2017-10-09 20:40:44 +0000},
	Date-Modified = {2017-10-09 20:40:44 +0000},
	Doi = {10.1111/j.1365-2966.2009.15507.x},
	Eprint = {0908.0750},
	Journal = {\mnras},
	Keywords = {galaxies: clusters: general , galaxies: evolution , galaxies: formation},
	Month = dec,
	Pages = {937-950},
	Title = {{The accretion of galaxies into groups and clusters}},
	Volume = 400,
	Year = 2009,
	Bdsk-Url-1 = {http://dx.doi.org/10.1111/j.1365-2966.2009.15507.x}}

@article{Cerulo:2016aa,
	Adsnote = {Provided by the SAO/NASA Astrophysics Data System},
	Adsurl = {http://adsabs.harvard.edu/abs/2016MNRAS.457.2209C},
	Archiveprefix = {arXiv},
	Author = {{Cerulo}, P. and {Couch}, W.~J. and {Lidman}, C. and {Demarco}, R. and {Huertas-Company}, M. and {Mei}, S. and {S{\'a}nchez-Janssen}, R. and {Barrientos}, L.~F. and {Mu{\~n}oz}, R.~P.},
	Date-Added = {2017-09-20 04:06:48 +0000},
	Date-Modified = {2017-09-20 04:06:48 +0000},
	Doi = {10.1093/mnras/stw080},
	Eprint = {1601.07578},
	Journal = {\mnras},
	Keywords = {galaxies: evolution, galaxies: high redshift},
	Month = apr,
	Pages = {2209-2235},
	Title = {{The accelerated build-up of the red sequence in high-redshift galaxy clusters}},
	Volume = 457,
	Year = 2016,
	Bdsk-Url-1 = {http://dx.doi.org/10.1093/mnras/stw080}}

@article{Cerulo:2017aa,
	Adsnote = {Provided by the SAO/NASA Astrophysics Data System},
	Adsurl = {http://adsabs.harvard.edu/abs/2017MNRAS.472..254C},
	Archiveprefix = {arXiv},
	Author = {{Cerulo}, P. and {Couch}, W.~J. and {Lidman}, C. and {Demarco}, R. and {Huertas-Company}, M. and {Mei}, S. and {S{\'a}nchez-Janssen}, R. and {Barrientos}, L.~F. and {Mu{\~n}oz}, R.},
	Date-Added = {2017-09-20 04:06:36 +0000},
	Date-Modified = {2017-09-20 04:06:36 +0000},
	Doi = {10.1093/mnras/stx1687},
	Eprint = {1707.00751},
	Journal = {\mnras},
	Keywords = {galaxies: clusters: general, galaxies: evolution, galaxies: high-redshift, galaxies: interactions, galaxies: structure},
	Month = nov,
	Pages = {254-272},
	Title = {{The morphological transformation of red sequence galaxies in clusters since z {\tilde} 1}},
	Volume = 472,
	Year = 2017,
	Bdsk-Url-1 = {http://dx.doi.org/10.1093/mnras/stx1687}}

@article{Patel:2009aa,
	Adsnote = {Provided by the SAO/NASA Astrophysics Data System},
	Adsurl = {http://adsabs.harvard.edu/abs/2009ApJ...705L..67P},
	Archiveprefix = {arXiv},
	Author = {{Patel}, S.~G. and {Holden}, B.~P. and {Kelson}, D.~D. and {Illingworth}, G.~D. and {Franx}, M.},
	Date-Added = {2017-09-20 03:55:08 +0000},
	Date-Modified = {2017-09-20 03:55:08 +0000},
	Doi = {10.1088/0004-637X/705/1/L67},
	Eprint = {0910.0837},
	Journal = {\apjl},
	Keywords = {galaxies: clusters: general, galaxies: clusters: individual: RX J0152.7-1357, galaxies: evolution, galaxies: formation},
	Month = nov,
	Pages = {L67-L70},
	Title = {{The Dependence of Star Formation Rates on Stellar Mass and Environment at z \~{} 0.8}},
	Volume = 705,
	Year = 2009,
	Bdsk-Url-1 = {http://dx.doi.org/10.1088/0004-637X/705/1/L67}}

@article{Quadri:2007aa,
	Adsnote = {Provided by the SAO/NASA Astrophysics Data System},
	Adsurl = {http://adsabs.harvard.edu/abs/2007ApJ...654..138Q},
	Author = {{Quadri}, R. and {van Dokkum}, P. and {Gawiser}, E. and {Franx}, M. and {Marchesini}, D. and {Lira}, P. and {Rudnick}, G. and {Herrera}, D. and {Maza}, J. and {Kriek}, M. and {Labb{\'e}}, I. and {Francke}, H.},
	Date-Added = {2017-09-20 03:54:07 +0000},
	Date-Modified = {2017-09-20 03:54:07 +0000},
	Doi = {10.1086/509065},
	Eprint = {astro-ph/0606330},
	Journal = {\apj},
	Keywords = {Galaxies: Evolution, Galaxies: Formation, Galaxies: High-Redshift, Infrared: Galaxies, Cosmology: Large-Scale Structure of Universe},
	Month = jan,
	Pages = {138-152},
	Title = {{Clustering of K-selected Galaxies at 2 $\lt$ z $\lt$ 3.5: Evidence for a Color-Density Relation}},
	Volume = 654,
	Year = 2007,
	Bdsk-Url-1 = {http://dx.doi.org/10.1086/509065}}

@article{Genzel:2015aa,
	Adsnote = {Provided by the SAO/NASA Astrophysics Data System},
	Adsurl = {http://adsabs.harvard.edu/abs/2015ApJ...800...20G},
	Archiveprefix = {arXiv},
	Author = {{Genzel}, R. and {Tacconi}, L.~J. and {Lutz}, D. and {Saintonge}, A. and {Berta}, S. and {Magnelli}, B. and {Combes}, F. and {Garc{\'{\i}}a-Burillo}, S. and {Neri}, R. and {Bolatto}, A. and {Contini}, T. and {Lilly}, S. and {Boissier}, J. and {Boone}, F. and {Bouch{\'e}}, N. and {Bournaud}, F. and {Burkert}, A. and {Carollo}, M. and {Colina}, L. and {Cooper}, M.~C. and {Cox}, P. and {Feruglio}, C. and {F{\"o}rster Schreiber}, N.~M. and {Freundlich}, J. and {Gracia-Carpio}, J. and {Juneau}, S. and {Kovac}, K. and {Lippa}, M. and {Naab}, T. and {Salome}, P. and {Renzini}, A. and {Sternberg}, A. and {Walter}, F. and {Weiner}, B. and {Weiss}, A. and {Wuyts}, S.},
	Date-Added = {2017-09-20 00:24:43 +0000},
	Date-Modified = {2017-09-20 00:24:43 +0000},
	Doi = {10.1088/0004-637X/800/1/20},
	Eid = {20},
	Eprint = {1409.1171},
	Journal = {\apj},
	Keywords = {galaxies: evolution, galaxies: high-redshift, galaxies: kinematics and dynamics, infrared: galaxies},
	Month = feb,
	Pages = {20},
	Title = {{Combined CO and Dust Scaling Relations of Depletion Time and Molecular Gas Fractions with Cosmic Time, Specific Star-formation Rate, and Stellar Mass}},
	Volume = 800,
	Year = 2015,
	Bdsk-Url-1 = {http://dx.doi.org/10.1088/0004-637X/800/1/20}}

@article{Tacconi:2017aa,
	Adsnote = {Provided by the SAO/NASA Astrophysics Data System},
	Adsurl = {http://adsabs.harvard.edu/abs/2017arXiv170201140T},
	Archiveprefix = {arXiv},
	Author = {{Tacconi}, L.~J. and {Genzel}, R. and {Saintonge}, A. and {Combes}, F. and {Garc{\'{\i}}a-Burillo}, S. and {Neri}, R. and {Bolatto}, A. and {Contini}, T. and {F{\"o}rster Schreiber}, N.~M. and {Lilly}, S. and {Lutz}, D. and {Wuyts}, S. and {Accurso}, G. and {Boissier}, J. and {Boone}, F. and {Bouch{\'e}}, N. and {Bournaud}, F. and {Burkert}, A. and {Carollo}, M. and {Cooper}, M. and {Cox}, P. and {Feruglio}, C. and {Freundlich}, J. and {Herrera-Camus}, R. and {Juneau}, S. and {Lippa}, M. and {Naab}, T. and {Renzini}, A. and {Salome}, P. and {Sternberg}, A. and {Tadaki}, K. and {{\"U}bler}, H. and {Walter}, F. and {Weiner}, B. and {Weiss}, A.},
	Date-Added = {2017-09-20 00:24:16 +0000},
	Date-Modified = {2017-09-20 00:24:16 +0000},
	Eprint = {1702.01140},
	Journal = {ArXiv e-prints},
	Keywords = {Astrophysics - Astrophysics of Galaxies},
	Month = feb,
	Title = {{PHIBSS: Unified Scaling Relations of Gas Depletion Time and Molecular Gas Fractions}},
	Year = 2017}

@article{Balogh:2014aa,
	Adsnote = {Provided by the SAO/NASA Astrophysics Data System},
	Adsurl = {http://adsabs.harvard.edu/abs/2014MNRAS.443.2679B},
	Archiveprefix = {arXiv},
	Author = {{Balogh}, M.~L. and {McGee}, S.~L. and {Mok}, A. and {Wilman}, D.~J. and {Finoguenov}, A. and {Bower}, R.~G. and {Mulchaey}, J.~S. and {Parker}, L.~C. and {Tanaka}, M.},
	Date-Added = {2017-09-20 00:20:08 +0000},
	Date-Modified = {2017-09-20 00:20:08 +0000},
	Doi = {10.1093/mnras/stu1332},
	Eprint = {1406.4528},
	Journal = {\mnras},
	Keywords = {galaxies: evolution, galaxies: groups: general},
	Month = sep,
	Pages = {2679-2694},
	Title = {{The GEEC2 spectroscopic survey of Galaxy groups at 0.8 $\lt$ z $\lt$ 1}},
	Volume = 443,
	Year = 2014,
	Bdsk-Url-1 = {http://dx.doi.org/10.1093/mnras/stu1332}}

@article{Fossati:2017aa,
	Adsnote = {Provided by the SAO/NASA Astrophysics Data System},
	Adsurl = {http://adsabs.harvard.edu/abs/2017ApJ...835..153F},
	Archiveprefix = {arXiv},
	Author = {{Fossati}, M. and {Wilman}, D.~J. and {Mendel}, J.~T. and {Saglia}, R.~P. and {Galametz}, A. and {Beifiori}, A. and {Bender}, R. and {Chan}, J.~C.~C. and {Fabricius}, M. and {Bandara}, K. and {Brammer}, G.~B. and {Davies}, R. and {F{\"o}rster Schreiber}, N.~M. and {Genzel}, R. and {Hartley}, W. and {Kulkarni}, S.~K. and {Lang}, P. and {Momcheva}, I.~G. and {Nelson}, E.~J. and {Skelton}, R. and {Tacconi}, L.~J. and {Tadaki}, K. and {{\"U}bler}, H. and {van Dokkum}, P.~G. and {Wisnioski}, E. and {Whitaker}, K.~E. and {Wuyts}, E. and {Wuyts}, S.},
	Date-Added = {2017-09-20 00:16:45 +0000},
	Date-Modified = {2017-09-20 00:16:45 +0000},
	Doi = {10.3847/1538-4357/835/2/153},
	Eid = {153},
	Eprint = {1611.07524},
	Journal = {\apj},
	Keywords = {galaxies: evolution, galaxies: star formation, galaxies: statistics, methods: statistical},
	Month = feb,
	Pages = {153},
	Title = {{Galaxy Environment in the 3D-HST Fields: Witnessing the Onset of Satellite Quenching at z {\tilde} 1-2}},
	Volume = 835,
	Year = 2017,
	Bdsk-Url-1 = {http://dx.doi.org/10.3847/1538-4357/835/2/153}}

@article{Muzzin:2013ab,
	Adsnote = {Provided by the SAO/NASA Astrophysics Data System},
	Adsurl = {http://adsabs.harvard.edu/abs/2013ApJ...777...18M},
	Archiveprefix = {arXiv},
	Author = {{Muzzin}, A. and {Marchesini}, D. and {Stefanon}, M. and {Franx}, M. and {McCracken}, H.~J. and {Milvang-Jensen}, B. and {Dunlop}, J.~S. and {Fynbo}, J.~P.~U. and {Brammer}, G. and {Labb{\'e}}, I. and {van Dokkum}, P.~G.},
	Date-Added = {2017-09-19 16:00:17 +0000},
	Date-Modified = {2017-09-19 16:00:17 +0000},
	Doi = {10.1088/0004-637X/777/1/18},
	Eid = {18},
	Eprint = {1303.4409},
	Journal = {\apj},
	Keywords = {galaxies: evolution, galaxies: fundamental parameters, galaxies: high-redshift, galaxies: luminosity function, mass function},
	Month = nov,
	Pages = {18},
	Title = {{The Evolution of the Stellar Mass Functions of Star-forming and Quiescent Galaxies to z = 4 from the COSMOS/UltraVISTA Survey}},
	Volume = 777,
	Year = 2013,
	Bdsk-Url-1 = {http://dx.doi.org/10.1088/0004-637X/777/1/18}}

@article{Haines:2015aa,
	Adsnote = {Provided by the SAO/NASA Astrophysics Data System},
	Adsurl = {http://adsabs.harvard.edu/abs/2015ApJ...806..101H},
	Archiveprefix = {arXiv},
	Author = {{Haines}, C.~P. and {Pereira}, M.~J. and {Smith}, G.~P. and {Egami}, E. and {Babul}, A. and {Finoguenov}, A. and {Ziparo}, F. and {McGee}, S.~L. and {Rawle}, T.~D. and {Okabe}, N. and {Moran}, S.~M.},
	Date-Added = {2017-09-19 15:32:33 +0000},
	Date-Modified = {2017-09-19 15:32:33 +0000},
	Doi = {10.1088/0004-637X/806/1/101},
	Eid = {101},
	Eprint = {1504.05604},
	Journal = {\apj},
	Keywords = {galaxies: active, galaxies: clusters: general, galaxies: evolution, galaxies: stellar content},
	Month = jun,
	Pages = {101},
	Title = {{LoCuSS: The Slow Quenching of Star Formation in Cluster Galaxies and the Need for Pre-processing}},
	Volume = 806,
	Year = 2015,
	Bdsk-Url-1 = {http://dx.doi.org/10.1088/0004-637X/806/1/101}}

@inproceedings{McLean:2012aa,
	Adsnote = {Provided by the SAO/NASA Astrophysics Data System},
	Adsurl = {http://adsabs.harvard.edu/abs/2012SPIE.8446E..0JM},
	Author = {{McLean}, I.~S. and {Steidel}, C.~C. and {Epps}, H.~W. and {Konidaris}, N. and {Matthews}, K.~Y. and {Adkins}, S. and {Aliado}, T. and {Brims}, G. and {Canfield}, J.~M. and {Cromer}, J.~L. and {Fucik}, J. and {Kulas}, K. and {Mace}, G. and {Magnone}, K. and {Rodriguez}, H. and {Rudie}, G. and {Trainor}, R. and {Wang}, E. and {Weber}, B. and {Weiss}, J.},
	Booktitle = {Ground-based and Airborne Instrumentation for Astronomy IV},
	Date-Added = {2017-09-12 19:10:42 +0000},
	Date-Modified = {2017-09-12 19:10:42 +0000},
	Doi = {10.1117/12.924794},
	Eid = {84460J},
	Month = sep,
	Pages = {84460J},
	Series = {\procspie},
	Title = {{MOSFIRE, the multi-object spectrometer for infra-red exploration at the Keck Observatory}},
	Volume = 8446,
	Year = 2012,
	Bdsk-Url-1 = {http://dx.doi.org/10.1117/12.924794}}

@inproceedings{McLean:2010aa,
	Adsnote = {Provided by the SAO/NASA Astrophysics Data System},
	Adsurl = {http://adsabs.harvard.edu/abs/2010SPIE.7735E..1EM},
	Author = {{McLean}, I.~S. and {Steidel}, C.~C. and {Epps}, H. and {Matthews}, K. and {Adkins}, S. and {Konidaris}, N. and {Weber}, B. and {Aliado}, T. and {Brims}, G. and {Canfield}, J. and {Cromer}, J. and {Fucik}, J. and {Kulas}, K. and {Mace}, G. and {Magnone}, K. and {Rodriguez}, H. and {Wang}, E. and {Weiss}, J.},
	Booktitle = {Ground-based and Airborne Instrumentation for Astronomy III},
	Date-Added = {2017-09-12 19:10:30 +0000},
	Date-Modified = {2017-09-12 19:10:30 +0000},
	Doi = {10.1117/12.856715},
	Eid = {77351E-77351E-12},
	Month = jul,
	Pages = {77351E-77351E-12},
	Series = {\procspie},
	Title = {{Design and development of MOSFIRE: the multi-object spectrometer for infrared exploration at the Keck Observatory}},
	Volume = 7735,
	Year = 2010,
	Bdsk-Url-1 = {http://dx.doi.org/10.1117/12.856715}}

@article{Appenzeller:1998aa,
	Adsnote = {Provided by the SAO/NASA Astrophysics Data System},
	Adsurl = {http://esoads.eso.org/abs/1998Msngr..94....1A},
	Author = {{Appenzeller}, I. and {Fricke}, K. and {F{\"u}rtig}, W. and {G{\"a}ssler}, W. and {H{\"a}fner}, R. and {Harke}, R. and {Hess}, H.-J. and {Hummel}, W. and {J{\"u}rgens}, P. and {Kudritzki}, R.-P. and {Mantel}, K.-H. and {Meisl}, W. and {Muschielok}, B. and {Nicklas}, H. and {Rupprecht}, G. and {Seifert}, W. and {Stahl}, O. and {Szeifert}, T. and {Tarantik}, K.},
	Date-Added = {2017-09-12 18:59:16 +0000},
	Date-Modified = {2017-09-12 18:59:16 +0000},
	Journal = {The Messenger},
	Keywords = {Spectrographs: VLT},
	Month = dec,
	Pages = {1-6},
	Title = {{Successful commissioning of FORS1 - the first optical instrument on the VLT.}},
	Volume = 94,
	Year = 1998}

@article{Balogh:2016aa,
	Adsnote = {Provided by the SAO/NASA Astrophysics Data System},
	Adsurl = {http://adsabs.harvard.edu/abs/2016MNRAS.456.4364B},
	Archiveprefix = {arXiv},
	Author = {{Balogh}, M.~L. and {McGee}, S.~L. and {Mok}, A. and {Muzzin}, A. and {van der Burg}, R.~F.~J. and {Bower}, R.~G. and {Finoguenov}, A. and {Hoekstra}, H. and {Lidman}, C. and {Mulchaey}, J.~S. and {Noble}, A. and {Parker}, L.~C. and {Tanaka}, M. and {Wilman}, D.~J. and {Webb}, T. and {Wilson}, G. and {Yee}, H.~K.~C.},
	Date-Added = {2017-09-12 00:15:39 +0000},
	Date-Modified = {2017-09-12 00:15:39 +0000},
	Doi = {10.1093/mnras/stv2949},
	Eprint = {1511.07344},
	Journal = {\mnras},
	Keywords = {galaxies: clusters: general, galaxies: evolution},
	Month = mar,
	Pages = {4364-4376},
	Title = {{Evidence for a change in the dominant satellite galaxy quenching mechanism at z = 1}},
	Volume = 456,
	Year = 2016,
	Bdsk-Url-1 = {http://dx.doi.org/10.1093/mnras/stv2949}}

@article{De-Lucia:2012aa,
	Adsnote = {Provided by the SAO/NASA Astrophysics Data System},
	Adsurl = {http://adsabs.harvard.edu/abs/2012MNRAS.423.1277D},
	Archiveprefix = {arXiv},
	Author = {{De Lucia}, G. and {Weinmann}, S. and {Poggianti}, B.~M. and {Arag{\'o}n-Salamanca}, A. and {Zaritsky}, D.},
	Date-Added = {2017-09-11 22:56:54 +0000},
	Date-Modified = {2017-09-11 22:56:54 +0000},
	Doi = {10.1111/j.1365-2966.2012.20983.x},
	Eprint = {1111.6590},
	Journal = {\mnras},
	Keywords = {galaxies: clusters: general, galaxies: evolution, galaxies: formation},
	Month = jun,
	Pages = {1277-1292},
	Title = {{The environmental history of group and cluster galaxies in a {$\Lambda$} cold dark matter universe}},
	Volume = 423,
	Year = 2012,
	Bdsk-Url-1 = {http://dx.doi.org/10.1111/j.1365-2966.2012.20983.x}}

@article{Papovich:2008aa,
	Adsnote = {Provided by the SAO/NASA Astrophysics Data System},
	Adsurl = {http://adsabs.harvard.edu/abs/2008ApJ...676..206P},
	Archiveprefix = {arXiv},
	Author = {{Papovich}, C.},
	Date-Added = {2017-09-09 20:46:35 +0000},
	Date-Modified = {2017-09-09 20:46:35 +0000},
	Doi = {10.1086/527665},
	Eid = {206-217},
	Eprint = {0712.1819},
	Journal = {\apj},
	Keywords = {cosmology: observations, galaxies: clusters: general, galaxies: high-redshift, large-scale structure of universe},
	Month = mar,
	Pages = {206-217},
	Title = {{The Angular Clustering of Distant Galaxy Clusters}},
	Volume = 676,
	Year = 2008,
	Bdsk-Url-1 = {http://dx.doi.org/10.1086/527665}}

@article{Oke:1983aa,
	Adsnote = {Provided by the SAO/NASA Astrophysics Data System},
	Adsurl = {http://adsabs.harvard.edu/abs/1983ApJ...266..713O},
	Author = {{Oke}, J.~B. and {Gunn}, J.~E.},
	Date-Added = {2017-09-09 20:44:11 +0000},
	Date-Modified = {2017-09-09 20:44:11 +0000},
	Doi = {10.1086/160817},
	Journal = {\apj},
	Keywords = {Reference Stars, Spectral Energy Distribution, Stellar Spectrophotometry, Subdwarf Stars, Calibrating, Line Spectra},
	Month = mar,
	Pages = {713-717},
	Title = {{Secondary standard stars for absolute spectrophotometry}},
	Volume = 266,
	Year = 1983,
	Bdsk-Url-1 = {http://dx.doi.org/10.1086/160817}}

@article{Byrd:1990aa,
	Adsnote = {Provided by the SAO/NASA Astrophysics Data System},
	Adsurl = {http://adsabs.harvard.edu/abs/1990ApJ...350...89B},
	Author = {{Byrd}, G. and {Valtonen}, M.},
	Date-Added = {2017-09-08 23:31:56 +0000},
	Date-Modified = {2017-09-08 23:31:56 +0000},
	Doi = {10.1086/168362},
	Journal = {\apj},
	Keywords = {Active Galactic Nuclei, Galactic Clusters, Seyfert Galaxies, Spiral Galaxies, Gas Flow, Interacting Galaxies, Perturbation Theory},
	Month = feb,
	Pages = {89-94},
	Title = {{Tidal generation of active spirals and S0 galaxies by rich clusters}},
	Volume = 350,
	Year = 1990,
	Bdsk-Url-1 = {http://dx.doi.org/10.1086/168362}}

@article{Merritt:1983aa,
	Adsnote = {Provided by the SAO/NASA Astrophysics Data System},
	Adsurl = {http://adsabs.harvard.edu/abs/1983ApJ...264...24M},
	Author = {{Merritt}, D.},
	Date-Added = {2017-09-08 23:30:38 +0000},
	Date-Modified = {2017-09-08 23:30:38 +0000},
	Doi = {10.1086/160571},
	Journal = {\apj},
	Keywords = {Astronomical Models, Galactic Clusters, Galactic Evolution, Galactic Structure, Mass Distribution, Cosmology, Fokker-Planck Equation, Mathematical Models, Tides},
	Month = jan,
	Pages = {24-48},
	Title = {{Relaxation and tidal stripping in rich clusters of galaxies. I. Evolution of the mass distribution}},
	Volume = 264,
	Year = 1983,
	Bdsk-Url-1 = {http://dx.doi.org/10.1086/160571}}

@article{Whitaker:2010aa,
	Adsnote = {Provided by the SAO/NASA Astrophysics Data System},
	Adsurl = {http://adsabs.harvard.edu/abs/2010ApJ...719.1715W},
	Archiveprefix = {arXiv},
	Author = {{Whitaker}, K.~E. and {van Dokkum}, P.~G. and {Brammer}, G. and {Kriek}, M. and {Franx}, M. and {Labb{\'e}}, I. and {Marchesini}, D. and {Quadri}, R.~F. and {Bezanson}, R. and {Illingworth}, G.~D. and {Lee}, K.-S. and {Muzzin}, A. and {Rudnick}, G. and {Wake}, D.~A.},
	Date-Added = {2017-08-28 23:01:30 +0000},
	Date-Modified = {2017-08-28 23:01:30 +0000},
	Doi = {10.1088/0004-637X/719/2/1715},
	Eprint = {1006.5453},
	Journal = {\apj},
	Keywords = {cosmology: observations, galaxies: evolution, galaxies: formation},
	Month = aug,
	Pages = {1715-1732},
	Title = {{The Age Spread of Quiescent Galaxies with the NEWFIRM Medium-band Survey: Identification of the Oldest Galaxies Out to z \~{} 2}},
	Volume = 719,
	Year = 2010,
	Bdsk-Url-1 = {http://dx.doi.org/10.1088/0004-637X/719/2/1715}}

@article{Lidman:2012aa,
	Adsnote = {Provided by the SAO/NASA Astrophysics Data System},
	Adsurl = {http://adsabs.harvard.edu/abs/2012MNRAS.427..550L},
	Archiveprefix = {arXiv},
	Author = {{Lidman}, C. and {Suherli}, J. and {Muzzin}, A. and {Wilson}, G. and {Demarco}, R. and {Brough}, S. and {Rettura}, A. and {Cox}, J. and {DeGroot}, A. and {Yee}, H.~K.~C. and {Gilbank}, D. and {Hoekstra}, H. and {Balogh}, M. and {Ellingson}, E. and {Hicks}, A. and {Nantais}, J. and {Noble}, A. and {Lacy}, M. and {Surace}, J. and {Webb}, T.},
	Date-Added = {2017-08-24 19:29:43 +0000},
	Date-Modified = {2017-08-24 19:29:43 +0000},
	Doi = {10.1111/j.1365-2966.2012.21984.x},
	Eprint = {1208.5143},
	Journal = {\mnras},
	Keywords = {galaxies: clusters: general, galaxies: evolution, galaxies: high-redshift, cosmology: observations},
	Month = nov,
	Pages = {550-568},
	Title = {{Evidence for significant growth in the stellar mass of brightest cluster galaxies over the past 10 billion years}},
	Volume = 427,
	Year = 2012,
	Bdsk-Url-1 = {http://dx.doi.org/10.1111/j.1365-2966.2012.21984.x}}

@article{Larson:1980aa,
	Adsnote = {Provided by the SAO/NASA Astrophysics Data System},
	Adsurl = {http://adsabs.harvard.edu/abs/1980ApJ...237..692L},
	Author = {{Larson}, R.~B. and {Tinsley}, B.~M. and {Caldwell}, C.~N.},
	Date-Added = {2017-06-21 22:15:51 +0000},
	Date-Modified = {2017-06-21 22:15:51 +0000},
	Doi = {10.1086/157917},
	Journal = {\apj},
	Keywords = {Disk Galaxies, Galactic Evolution, Spiral Galaxies, Digital Simulation, Galactic Structure, Gas Evolution, Stellar Evolution, Stellar Magnitude},
	Month = may,
	Pages = {692-707},
	Title = {{The evolution of disk galaxies and the origin of S0 galaxies}},
	Volume = 237,
	Year = 1980,
	Bdsk-Url-1 = {http://dx.doi.org/10.1086/157917}}

@article{Gunn:1972aa,
	Adsnote = {Provided by the SAO/NASA Astrophysics Data System},
	Adsurl = {http://adsabs.harvard.edu/abs/1972ApJ...176....1G},
	Author = {{Gunn}, J.~E. and {Gott}, III, J.~R.},
	Date-Added = {2017-06-21 22:14:32 +0000},
	Date-Modified = {2017-06-21 22:14:32 +0000},
	Doi = {10.1086/151605},
	Journal = {\apj},
	Month = aug,
	Pages = {1},
	Title = {{On the Infall of Matter Into Clusters of Galaxies and Some Effects on Their Evolution}},
	Volume = 176,
	Year = 1972,
	Bdsk-Url-1 = {http://dx.doi.org/10.1086/151605}}

@article{De-Lucia:2011aa,
	Adsnote = {Provided by the SAO/NASA Astrophysics Data System},
	Adsurl = {http://adsabs.harvard.edu/abs/2011ASSP...27..203D},
	Archiveprefix = {arXiv},
	Author = {{De Lucia}, G.},
	Date-Added = {2017-06-21 21:05:27 +0000},
	Date-Modified = {2017-06-21 21:05:27 +0000},
	Doi = {10.1007/978-3-642-20285-8_41},
	Eprint = {1012.3326},
	Journal = {Astrophysics and Space Science Proceedings},
	Pages = {203},
	Title = {{Modelling the Evolution of Galaxies as a Function of Environment}},
	Volume = 27,
	Year = 2011,
	Bdsk-Url-1 = {http://dx.doi.org/10.1007/978-3-642-20285-8_41}}

@article{Blanton:2009aa,
	Adsnote = {Provided by the SAO/NASA Astrophysics Data System},
	Adsurl = {http://adsabs.harvard.edu/abs/2009ARA%26A..47..159B},
	Archiveprefix = {arXiv},
	Author = {{Blanton}, M.~R. and {Moustakas}, J.},
	Date-Added = {2017-06-21 20:50:50 +0000},
	Date-Modified = {2017-06-21 20:50:50 +0000},
	Doi = {10.1146/annurev-astro-082708-101734},
	Eprint = {0908.3017},
	Journal = {\araa},
	Month = sep,
	Pages = {159-210},
	Title = {{Physical Properties and Environments of Nearby Galaxies}},
	Volume = 47,
	Year = 2009,
	Bdsk-Url-1 = {http://dx.doi.org/10.1146/annurev-astro-082708-101734}}

@article{Moore:1996aa,
	Adsnote = {Provided by the SAO/NASA Astrophysics Data System},
	Adsurl = {http://adsabs.harvard.edu/abs/1996Natur.379..613M},
	Author = {{Moore}, B. and {Katz}, N. and {Lake}, G. and {Dressler}, A. and {Oemler}, A.},
	Date-Added = {2017-06-21 20:32:22 +0000},
	Date-Modified = {2017-06-21 20:32:22 +0000},
	Doi = {10.1038/379613a0},
	Eprint = {astro-ph/9510034},
	Journal = {\nat},
	Month = feb,
	Pages = {613-616},
	Title = {{Galaxy harassment and the evolution of clusters of galaxies}},
	Volume = 379,
	Year = 1996,
	Bdsk-Url-1 = {http://dx.doi.org/10.1038/379613a0}}

@article{Tanaka:2012aa,
	Adsnote = {Provided by the SAO/NASA Astrophysics Data System},
	Adsurl = {http://adsabs.harvard.edu/abs/2012PASJ...64...22T},
	Archiveprefix = {arXiv},
	Author = {{Tanaka}, M. and {Finoguenov}, A. and {Lilly}, S.~J. and {Bolzonella}, M. and {Carollo}, C.~M. and {Contini}, T. and {Iovino}, A. and {Kneib}, J.-P. and {Lamareille}, F. and {Le Fevre}, O. and {Mainieri}, V. and {Presotto}, V. and {Renzini}, A. and {Scodeggio}, M. and {Silverman}, J.~D. and {Zamorani}, G. and {Bardelli}, S. and {Bongiorno}, A. and {Caputi}, K. and {Cucciati}, O. and {de la Torre}, S. and {de Ravel}, L. and {Franzetti}, P. and {Garilli}, B. and {Kampczyk}, P. and {Knobel}, C. and {Kova{\v c}}, K. and {Le Borgne}, J.-F. and {Le Brun}, V. and {L{\'o}pez-Sanjuan}, C. and {Maier}, C. and {Mignoli}, M. and {Pello}, R. and {Peng}, Y. and {Perez-Montero}, E. and {Tasca}, L. and {Tresse}, L. and {Vergani}, D. and {Zucca}, E. and {Barnes}, L. and {Bordoloi}, R. and {Cappi}, A. and {Cimatti}, A. and {Coppa}, G. and {Koekemoer}, A.~M. and {McCracken}, H.~J. and {Moresco}, M. and {Nair}, P. and {Oesch}, P. and {Pozzetti}, L. and {Welikala}, N.},
	Date-Added = {2017-06-21 20:28:37 +0000},
	Date-Modified = {2017-06-21 20:28:37 +0000},
	Doi = {10.1093/pasj/64.2.22},
	Eid = {22},
	Eprint = {1110.0979},
	Journal = {\pasj},
	Keywords = {galaxies: clusters: general, galaxies: evolution, galaxies: fundamental parameters, surveys},
	Month = apr,
	Pages = {22},
	Title = {{X-Ray Groups of Galaxies at 0.5 $\lt$ z $\lt$ 1 in zCOSMOS: Increased AGN Activities in High Redshift Groups}},
	Volume = 64,
	Year = 2012,
	Bdsk-Url-1 = {http://dx.doi.org/10.1093/pasj/64.2.22}}

@article{Presotto:2012aa,
	Adsnote = {Provided by the SAO/NASA Astrophysics Data System},
	Adsurl = {http://adsabs.harvard.edu/abs/2012A%26A...539A..55P},
	Archiveprefix = {arXiv},
	Author = {{Presotto}, V. and {Iovino}, A. and {Scodeggio}, M. and {Cucciati}, O. and {Knobel}, C. and {Bolzonella}, M. and {Oesch}, P. and {Finoguenov}, A. and {Tanaka}, M. and {Kova{\v c}}, K. and {Peng}, Y. and {Zamorani}, G. and {Bardelli}, S. and {Pozzetti}, L. and {Kampczyk}, P. and {L{\'o}pez-Sanjuan}, C. and {Vergani}, D. and {Zucca}, E. and {Tasca}, L.~A.~M. and {Carollo}, C.~M. and {Contini}, T. and {Kneib}, J.-P. and {Le F{\`e}vre}, O. and {Lilly}, S. and {Mainieri}, V. and {Renzini}, A. and {Bongiorno}, A. and {Caputi}, K. and {de la Torre}, S. and {de Ravel}, L. and {Franzetti}, P. and {Garilli}, B. and {Lamareille}, F. and {Le Borgne}, J.-F. and {Le Brun}, V. and {Maier}, C. and {Mignoli}, M. and {Pell{\`o}}, R. and {Perez-Montero}, E. and {Ricciardelli}, E. and {Silverman}, J.~D. and {Tresse}, L. and {Barnes}, L. and {Bordoloi}, R. and {Cappi}, A. and {Cimatti}, A. and {Coppa}, G. and {Koekemoer}, A.~M. and {McCracken}, H.~J. and {Moresco}, M. and {Nair}, P. and {Welikala}, N.},
	Date-Added = {2017-06-21 20:28:13 +0000},
	Date-Modified = {2017-06-21 20:28:13 +0000},
	Doi = {10.1051/0004-6361/201118293},
	Eid = {A55},
	Eprint = {1201.1673},
	Journal = {\aap},
	Keywords = {cosmology: observations, galaxies: groups: general, galaxies: evolution},
	Month = mar,
	Pages = {A55},
	Title = {{A journey from the outskirts to the cores of groups. I. Color- and mass-segregation in 20K-zCOSMOS groups}},
	Volume = 539,
	Year = 2012,
	Bdsk-Url-1 = {http://dx.doi.org/10.1051/0004-6361/201118293}}

@article{George:2011aa,
	Adsnote = {Provided by the SAO/NASA Astrophysics Data System},
	Adsurl = {http://adsabs.harvard.edu/abs/2011ApJ...742..125G},
	Archiveprefix = {arXiv},
	Author = {{George}, M.~R. and {Leauthaud}, A. and {Bundy}, K. and {Finoguenov}, A. and {Tinker}, J. and {Lin}, Y.-T. and {Mei}, S. and {Kneib}, J.-P. and {Aussel}, H. and {Behroozi}, P.~S. and {Busha}, M.~T. and {Capak}, P. and {Coccato}, L. and {Covone}, G. and {Faure}, C. and {Fiorenza}, S.~L. and {Ilbert}, O. and {Le Floc'h}, E. and {Koekemoer}, A.~M. and {Tanaka}, M. and {Wechsler}, R.~H. and {Wolk}, M.},
	Date-Added = {2017-06-21 20:25:01 +0000},
	Date-Modified = {2017-06-21 20:25:01 +0000},
	Doi = {10.1088/0004-637X/742/2/125},
	Eid = {125},
	Eprint = {1109.6040},
	Journal = {\apj},
	Keywords = {catalogs, galaxies: groups: general, galaxies: star formation},
	Month = dec,
	Pages = {125},
	Title = {{Galaxies in X-Ray Groups. I. Robust Membership Assignment and the Impact of Group Environments on Quenching}},
	Volume = 742,
	Year = 2011,
	Bdsk-Url-1 = {http://dx.doi.org/10.1088/0004-637X/742/2/125}}

@article{Faber:2007aa,
	Adsnote = {Provided by the SAO/NASA Astrophysics Data System},
	Adsurl = {http://adsabs.harvard.edu/abs/2007ApJ...665..265F},
	Author = {{Faber}, S.~M. and {Willmer}, C.~N.~A. and {Wolf}, C. and {Koo}, D.~C. and {Weiner}, B.~J. and {Newman}, J.~A. and {Im}, M. and {Coil}, A.~L. and {Conroy}, C. and {Cooper}, M.~C. and {Davis}, M. and {Finkbeiner}, D.~P. and {Gerke}, B.~F. and {Gebhardt}, K. and {Groth}, E.~J. and {Guhathakurta}, P. and {Harker}, J. and {Kaiser}, N. and {Kassin}, S. and {Kleinheinrich}, M. and {Konidaris}, N.~P. and {Kron}, R.~G. and {Lin}, L. and {Luppino}, G. and {Madgwick}, D.~S. and {Meisenheimer}, K. and {Noeske}, K.~G. and {Phillips}, A.~C. and {Sarajedini}, V.~L. and {Schiavon}, R.~P. and {Simard}, L. and {Szalay}, A.~S. and {Vogt}, N.~P. and {Yan}, R.},
	Date-Added = {2017-06-21 20:23:53 +0000},
	Date-Modified = {2017-06-21 20:23:53 +0000},
	Doi = {10.1086/519294},
	Eprint = {astro-ph/0506044},
	Journal = {\apj},
	Keywords = {Galaxies: Distances and Redshifts, Galaxies: Evolution, Galaxies: Luminosity Function, Mass Function},
	Month = aug,
	Pages = {265-294},
	Title = {{Galaxy Luminosity Functions to z\~{}1 from DEEP2 and COMBO-17: Implications for Red Galaxy Formation}},
	Volume = 665,
	Year = 2007,
	Bdsk-Url-1 = {http://dx.doi.org/10.1086/519294}}

@article{Brown:2007aa,
	Adsnote = {Provided by the SAO/NASA Astrophysics Data System},
	Adsurl = {http://adsabs.harvard.edu/abs/2007ApJ...654..858B},
	Author = {{Brown}, M.~J.~I. and {Dey}, A. and {Jannuzi}, B.~T. and {Brand}, K. and {Benson}, A.~J. and {Brodwin}, M. and {Croton}, D.~J. and {Eisenhardt}, P.~R.},
	Date-Added = {2017-06-21 20:22:45 +0000},
	Date-Modified = {2017-06-21 20:22:45 +0000},
	Doi = {10.1086/509652},
	Eprint = {astro-ph/0609584},
	Journal = {\apj},
	Keywords = {Galaxies: Elliptical and Lenticular, cD, Galaxies: Evolution, Galaxies: Luminosity Function, Mass Function},
	Month = jan,
	Pages = {858-877},
	Title = {{The Evolving Luminosity Function of Red Galaxies}},
	Volume = 654,
	Year = 2007,
	Bdsk-Url-1 = {http://dx.doi.org/10.1086/509652}}

@article{Bundy:2006aa,
	Adsnote = {Provided by the SAO/NASA Astrophysics Data System},
	Adsurl = {http://adsabs.harvard.edu/abs/2006ApJ...651..120B},
	Author = {{Bundy}, K. and {Ellis}, R.~S. and {Conselice}, C.~J. and {Taylor}, J.~E. and {Cooper}, M.~C. and {Willmer}, C.~N.~A. and {Weiner}, B.~J. and {Coil}, A.~L. and {Noeske}, K.~G. and {Eisenhardt}, P.~R.~M.},
	Date-Added = {2017-06-21 20:21:13 +0000},
	Date-Modified = {2017-06-21 20:21:13 +0000},
	Doi = {10.1086/507456},
	Eprint = {astro-ph/0512465},
	Journal = {\apj},
	Keywords = {Cosmology: Observations, Galaxies: Evolution, Galaxies: Formation},
	Month = nov,
	Pages = {120-141},
	Title = {{The Mass Assembly History of Field Galaxies: Detection of an Evolving Mass Limit for Star-Forming Galaxies}},
	Volume = 651,
	Year = 2006,
	Bdsk-Url-1 = {http://dx.doi.org/10.1086/507456}}

@article{Arnouts:2007aa,
	Adsnote = {Provided by the SAO/NASA Astrophysics Data System},
	Adsurl = {http://adsabs.harvard.edu/abs/2007A%26A...476..137A},
	Archiveprefix = {arXiv},
	Author = {{Arnouts}, S. and {Walcher}, C.~J. and {Le F{\`e}vre}, O. and {Zamorani}, G. and {Ilbert}, O. and {Le Brun}, V. and {Pozzetti}, L. and {Bardelli}, S. and {Tresse}, L. and {Zucca}, E. and {Charlot}, S. and {Lamareille}, F. and {McCracken}, H.~J. and {Bolzonella}, M. and {Iovino}, A. and {Lonsdale}, C. and {Polletta}, M. and {Surace}, J. and {Bottini}, D. and {Garilli}, B. and {Maccagni}, D. and {Picat}, J.~P. and {Scaramella}, R. and {Scodeggio}, M. and {Vettolani}, G. and {Zanichelli}, A. and {Adami}, C. and {Cappi}, A. and {Ciliegi}, P. and {Contini}, T. and {de la Torre}, S. and {Foucaud}, S. and {Franzetti}, P. and {Gavignaud}, I. and {Guzzo}, L. and {Marano}, B. and {Marinoni}, C. and {Mazure}, A. and {Meneux}, B. and {Merighi}, R. and {Paltani}, S. and {Pell{\`o}}, R. and {Pollo}, A. and {Radovich}, M. and {Temporin}, S. and {Vergani}, D.},
	Date-Added = {2017-06-21 20:17:02 +0000},
	Date-Modified = {2017-06-21 20:17:02 +0000},
	Doi = {10.1051/0004-6361:20077632},
	Eprint = {0705.2438},
	Journal = {\aap},
	Keywords = {galaxies: luminosity function, mass function, galaxies: formation},
	Month = dec,
	Pages = {137-150},
	Title = {{The SWIRE-VVDS-CFHTLS surveys: stellar mass assembly over the last 10 Gyr. Evidence for a major build up of the red sequence between z = 2 and z = 1}},
	Volume = 476,
	Year = 2007,
	Bdsk-Url-1 = {http://dx.doi.org/10.1051/0004-6361:20077632}}

@article{Cooper:2007aa,
	Adsnote = {Provided by the SAO/NASA Astrophysics Data System},
	Adsurl = {http://adsabs.harvard.edu/abs/2007MNRAS.376.1445C},
	Author = {{Cooper}, M.~C. and {Newman}, J.~A. and {Coil}, A.~L. and {Croton}, D.~J. and {Gerke}, B.~F. and {Yan}, R. and {Davis}, M. and {Faber}, S.~M. and {Guhathakurta}, P. and {Koo}, D.~C. and {Weiner}, B.~J. and {Willmer}, C.~N.~A.},
	Date-Added = {2017-06-21 20:13:55 +0000},
	Date-Modified = {2017-06-21 20:13:55 +0000},
	Doi = {10.1111/j.1365-2966.2007.11534.x},
	Eprint = {astro-ph/0607512},
	Journal = {\mnras},
	Keywords = {galaxies: evolution , galaxies: fundamental parameters , galaxies: high-redshift , galaxies: statistics , large-scale structure of Universe},
	Month = apr,
	Pages = {1445-1459},
	Title = {{The DEEP2 galaxy redshift survey: evolution of the colour-density relation at 0.4 $\lt$ z $\lt$ 1.35}},
	Volume = 376,
	Year = 2007,
	Bdsk-Url-1 = {http://dx.doi.org/10.1111/j.1365-2966.2007.11534.x}}

@article{Cooper:2006aa,
	Adsnote = {Provided by the SAO/NASA Astrophysics Data System},
	Adsurl = {http://adsabs.harvard.edu/abs/2006MNRAS.370..198C},
	Author = {{Cooper}, M.~C. and {Newman}, J.~A. and {Croton}, D.~J. and {Weiner}, B.~J. and {Willmer}, C.~N.~A. and {Gerke}, B.~F. and {Madgwick}, D.~S. and {Faber}, S.~M. and {Davis}, M. and {Coil}, A.~L. and {Finkbeiner}, D.~P. and {Guhathakurta}, P. and {Koo}, D.~C.},
	Date-Added = {2017-06-21 20:10:48 +0000},
	Date-Modified = {2017-06-21 20:10:48 +0000},
	Doi = {10.1111/j.1365-2966.2006.10485.x},
	Eprint = {astro-ph/0603177},
	Journal = {\mnras},
	Keywords = {galaxies: evolution: galaxies: fundamental parameters: galaxies: high-redshift: galaxies: statistics: large-scale structure of Universe, galaxies: evolution, galaxies: fundamental parameters, galaxies: high-redshift, galaxies: statistics, large-scale structure of Universe},
	Month = jul,
	Pages = {198-212},
	Title = {{The DEEP2 Galaxy Redshift Survey: the relationship between galaxy properties and environment at z \~{} 1}},
	Volume = 370,
	Year = 2006,
	Bdsk-Url-1 = {http://dx.doi.org/10.1111/j.1365-2966.2006.10485.x}}

@article{Borch:2006aa,
	Adsnote = {Provided by the SAO/NASA Astrophysics Data System},
	Adsurl = {http://adsabs.harvard.edu/abs/2006A%26A...453..869B},
	Author = {{Borch}, A. and {Meisenheimer}, K. and {Bell}, E.~F. and {Rix}, H.-W. and {Wolf}, C. and {Dye}, S. and {Kleinheinrich}, M. and {Kovacs}, Z. and {Wisotzki}, L.},
	Date-Added = {2017-06-21 20:06:47 +0000},
	Date-Modified = {2017-06-21 20:06:47 +0000},
	Doi = {10.1051/0004-6361:20054376},
	Eprint = {astro-ph/0604405},
	Journal = {\aap},
	Keywords = {galaxies: luminosity function, mass function, galaxies: evolution},
	Month = jul,
	Pages = {869-881},
	Title = {{The stellar masses of 25 000 galaxies at 0.2 {\le} z {\le} 1.0 estimated by the COMBO-17 survey}},
	Volume = 453,
	Year = 2006,
	Bdsk-Url-1 = {http://dx.doi.org/10.1051/0004-6361:20054376}}

@article{Bell:2004aa,
	Adsnote = {Provided by the SAO/NASA Astrophysics Data System},
	Adsurl = {http://adsabs.harvard.edu/abs/2004ApJ...608..752B},
	Author = {{Bell}, E.~F. and {Wolf}, C. and {Meisenheimer}, K. and {Rix}, H.-W. and {Borch}, A. and {Dye}, S. and {Kleinheinrich}, M. and {Wisotzki}, L. and {McIntosh}, D.~H.},
	Date-Added = {2017-06-21 20:04:07 +0000},
	Date-Modified = {2017-06-21 20:04:07 +0000},
	Doi = {10.1086/420778},
	Eprint = {astro-ph/0303394},
	Journal = {\apj},
	Keywords = {Galaxies: Elliptical and Lenticular, cD, Galaxies: Evolution, Galaxies: General, Galaxies: Luminosity Function, Mass Function, Galaxies: Stellar Content, Surveys},
	Month = jun,
	Pages = {752-767},
	Title = {{Nearly 5000 Distant Early-Type Galaxies in COMBO-17: A Red Sequence and Its Evolution since z\~{}1}},
	Volume = 608,
	Year = 2004,
	Bdsk-Url-1 = {http://dx.doi.org/10.1086/420778}}

@article{Baldry:2004aa,
	Adsnote = {Provided by the SAO/NASA Astrophysics Data System},
	Adsurl = {http://adsabs.harvard.edu/abs/2004ApJ...600..681B},
	Author = {{Baldry}, I.~K. and {Glazebrook}, K. and {Brinkmann}, J. and {Ivezi{\'c}}, {\v Z}. and {Lupton}, R.~H. and {Nichol}, R.~C. and {Szalay}, A.~S.},
	Date-Added = {2017-06-21 19:53:05 +0000},
	Date-Modified = {2017-06-21 19:53:05 +0000},
	Doi = {10.1086/380092},
	Eprint = {astro-ph/0309710},
	Journal = {\apj},
	Keywords = {Galaxies: Evolution, Galaxies: Fundamental Parameters, Galaxies: Luminosity Function, Mass Function, Galaxies: Photometry},
	Month = jan,
	Pages = {681-694},
	Title = {{Quantifying the Bimodal Color-Magnitude Distribution of Galaxies}},
	Volume = 600,
	Year = 2004,
	Bdsk-Url-1 = {http://dx.doi.org/10.1086/380092}}

@article{Strateva:2001aa,
	Adsnote = {Provided by the SAO/NASA Astrophysics Data System},
	Adsurl = {http://adsabs.harvard.edu/abs/2001AJ....122.1861S},
	Annote = {bimodality},
	Author = {{Strateva}, I. and {Ivezi{\'c}}, {\v Z}. and {Knapp}, G.~R. and {Narayanan}, V.~K. and {Strauss}, M.~A. and {Gunn}, J.~E. and {Lupton}, R.~H. and {Schlegel}, D. and {Bahcall}, N.~A. and {Brinkmann}, J. and {Brunner}, R.~J. and {Budav{\'a}ri}, T. and {Csabai}, I. and {Castander}, F.~J. and {Doi}, M. and {Fukugita}, M. and {Gy{\H o}ry}, Z. and {Hamabe}, M. and {Hennessy}, G. and {Ichikawa}, T. and {Kunszt}, P.~Z. and {Lamb}, D.~Q. and {McKay}, T.~A. and {Okamura}, S. and {Racusin}, J. and {Sekiguchi}, M. and {Schneider}, D.~P. and {Shimasaku}, K. and {York}, D.},
	Date-Added = {2017-06-21 19:48:29 +0000},
	Date-Modified = {2017-06-21 19:48:29 +0000},
	Doi = {10.1086/323301},
	Eprint = {astro-ph/0107201},
	Journal = {\aj},
	Keywords = {Galaxies: Fundamental Parameters},
	Month = oct,
	Pages = {1861-1874},
	Title = {{Color Separation of Galaxy Types in the Sloan Digital Sky Survey Imaging Data}},
	Volume = 122,
	Year = 2001,
	Bdsk-Url-1 = {http://dx.doi.org/10.1086/323301}}

@article{Leitherer:2002aa,
	Adsnote = {Provided by the SAO/NASA Astrophysics Data System},
	Adsurl = {http://adsabs.harvard.edu/abs/2002ApJ...574..114L},
	Author = {{Leitherer}, C. and {Calzetti}, D. and {Martins}, L.~P.},
	Date-Added = {2017-06-09 03:51:02 +0000},
	Date-Modified = {2017-06-09 03:51:02 +0000},
	Doi = {10.1086/340902},
	Journal = {\apj},
	Keywords = {Galaxies: ISM, Galaxies: Starburst, Galaxies: Stellar Content, Ultraviolet: Galaxies},
	Month = jul,
	Pages = {114-125},
	Title = {{Ultraviolet Spectra of Star-forming Galaxies with Time-dependent Dust Obscuration}},
	Volume = 574,
	Year = 2002,
	Bdsk-Url-1 = {http://dx.doi.org/10.1086/340902}}

@article{Demarco:2010om,
	Adsnote = {Provided by the SAO/NASA Astrophysics Data System},
	Adsurl = {http://adsabs.harvard.edu/abs/2010ApJ...711.1185D},
	Archiveprefix = {arXiv},
	Author = {{Demarco}, R. and {Wilson}, G. and {Muzzin}, A. and {Lacy}, M. and {Surace}, J. and {Yee}, H.~K.~C. and {Hoekstra}, H. and {Blindert}, K. and {Gilbank}, D.},
	Date-Added = {2017-06-08 19:25:29 +0000},
	Date-Modified = {2017-06-08 19:25:29 +0000},
	Doi = {10.1088/0004-637X/711/2/1185},
	Eprint = {1002.0160},
	Journal = {\apj},
	Keywords = {galaxies: clusters: general, galaxies: clusters: individual: SpARCS J161315+564930 SpARCS J161037+552417 SpARCS J161641+554513, galaxies: evolution, galaxies: formation},
	Month = mar,
	Pages = {1185-1197},
	Primaryclass = {astro-ph.CO},
	Title = {{Spectroscopic Confirmation of Three Red-sequence Selected Galaxy Clusters at z = 0.87, 1.16, and 1.21 from the SpARCS Survey}},
	Volume = 711,
	Year = 2010,
	Bdsk-Url-1 = {http://dx.doi.org/10.1088/0004-637X/711/2/1185}}

@article{Gladders:2000rq,
	Adsnote = {Provided by the SAO/NASA Astrophysics Data System},
	Adsurl = {http://adsabs.harvard.edu/abs/2000AJ....120.2148G},
	Author = {{Gladders}, M.~D. and {Yee}, H.~K.~C.},
	Date-Added = {2017-06-08 19:25:12 +0000},
	Date-Modified = {2017-06-08 19:25:12 +0000},
	Doi = {10.1086/301557},
	Eprint = {arXiv:astro-ph/0004092},
	Journal = {\aj},
	Keywords = {Galaxies: Clusters: General, Methods: Data Analysis},
	Month = oct,
	Pages = {2148-2162},
	Title = {{A New Method For Galaxy Cluster Detection. I. The Algorithm}},
	Volume = 120,
	Year = 2000,
	Bdsk-Url-1 = {http://dx.doi.org/10.1086/301557}}

@article{Wetzel:2014aa,
	Adsnote = {Provided by the SAO/NASA Astrophysics Data System},
	Adsurl = {http://adsabs.harvard.edu/abs/2014MNRAS.439.2687W},
	Archiveprefix = {arXiv},
	Author = {{Wetzel}, A.~R. and {Tinker}, J.~L. and {Conroy}, C. and {van den Bosch}, F.~C.},
	Date-Added = {2017-05-17 19:14:47 +0000},
	Date-Modified = {2017-05-17 19:14:47 +0000},
	Doi = {10.1093/mnras/stu122},
	Eprint = {1303.7231},
	Journal = {\mnras},
	Keywords = {methods: numerical- galaxies: clusters: general, galaxies: evolution, galaxies: groups: general, galaxies: haloes, galaxies: star formation},
	Month = apr,
	Pages = {2687-2700},
	Primaryclass = {astro-ph.CO},
	Title = {{Galaxy evolution near groups and clusters: ejected satellites and the spatial extent of environmental quenching}},
	Volume = 439,
	Year = 2014,
	Bdsk-Url-1 = {http://dx.doi.org/10.1093/mnras/stu122}}

@article{Wheeler:2014aa,
	Adsnote = {Provided by the SAO/NASA Astrophysics Data System},
	Adsurl = {http://adsabs.harvard.edu/abs/2014MNRAS.442.1396W},
	Archiveprefix = {arXiv},
	Author = {{Wheeler}, C. and {Phillips}, J.~I. and {Cooper}, M.~C. and {Boylan-Kolchin}, M. and {Bullock}, J.~S.},
	Date-Added = {2017-05-17 19:14:37 +0000},
	Date-Modified = {2017-05-17 19:14:37 +0000},
	Doi = {10.1093/mnras/stu965},
	Eprint = {1402.1498},
	Journal = {\mnras},
	Keywords = {galaxies: dwarf, galaxies: evolution, galaxies: formation, galaxies: star for-mation},
	Month = aug,
	Pages = {1396-1404},
	Title = {{The surprising inefficiency of dwarf satellite quenching}},
	Volume = 442,
	Year = 2014,
	Bdsk-Url-1 = {http://dx.doi.org/10.1093/mnras/stu965}}

@article{Fillingham:2015aa,
	Adsnote = {Provided by the SAO/NASA Astrophysics Data System},
	Adsurl = {http://adsabs.harvard.edu/abs/2015MNRAS.454.2039F},
	Archiveprefix = {arXiv},
	Author = {{Fillingham}, S.~P. and {Cooper}, M.~C. and {Wheeler}, C. and {Garrison-Kimmel}, S. and {Boylan-Kolchin}, M. and {Bullock}, J.~S.},
	Date-Added = {2017-05-17 19:12:15 +0000},
	Date-Modified = {2017-05-17 19:12:15 +0000},
	Doi = {10.1093/mnras/stv2058},
	Eprint = {1503.06803},
	Journal = {\mnras},
	Keywords = {galaxies: dwarf, galaxies: evolution, galaxies: formation, Local Group, galaxies: star formation},
	Month = dec,
	Pages = {2039-2049},
	Title = {{Taking care of business in a flash: constraining the time-scale for low-mass satellite quenching with ELVIS}},
	Volume = 454,
	Year = 2015,
	Bdsk-Url-1 = {http://dx.doi.org/10.1093/mnras/stv2058}}

@article{Whitaker:2012aa,
	Adsnote = {Provided by the SAO/NASA Astrophysics Data System},
	Adsurl = {http://adsabs.harvard.edu/abs/2012ApJ...745..179W},
	Archiveprefix = {arXiv},
	Author = {{Whitaker}, K.~E. and {Kriek}, M. and {van Dokkum}, P.~G. and {Bezanson}, R. and {Brammer}, G. and {Franx}, M. and {Labb{\'e}}, I.},
	Date-Added = {2017-05-17 18:49:26 +0000},
	Date-Modified = {2017-05-17 18:49:26 +0000},
	Doi = {10.1088/0004-637X/745/2/179},
	Eid = {179},
	Eprint = {1112.0313},
	Journal = {\apj},
	Keywords = {galaxies: evolution, galaxies: formation, galaxies: high-redshift},
	Month = feb,
	Pages = {179},
	Title = {{A Large Population of Massive Compact Post-starburst Galaxies at z $\gt$ 1: Implications for the Size Evolution and Quenching Mechanism of Quiescent Galaxies}},
	Volume = 745,
	Year = 2012,
	Bdsk-Url-1 = {http://dx.doi.org/10.1088/0004-637X/745/2/179}}

@article{Peng:2010aa,
	Adsnote = {Provided by the SAO/NASA Astrophysics Data System},
	Adsurl = {http://adsabs.harvard.edu/abs/2010ApJ...721..193P},
	Archiveprefix = {arXiv},
	Author = {{Peng}, Y.-j. and {Lilly}, S.~J. and {Kova{\v c}}, K. and {Bolzonella}, M. and {Pozzetti}, L. and {Renzini}, A. and {Zamorani}, G. and {Ilbert}, O. and {Knobel}, C. and {Iovino}, A. and {Maier}, C. and {Cucciati}, O. and {Tasca}, L. and {Carollo}, C.~M. and {Silverman}, J. and {Kampczyk}, P. and {de Ravel}, L. and {Sanders}, D. and {Scoville}, N. and {Contini}, T. and {Mainieri}, V. and {Scodeggio}, M. and {Kneib}, J.-P. and {Le F{\`e}vre}, O. and {Bardelli}, S. and {Bongiorno}, A. and {Caputi}, K. and {Coppa}, G. and {de la Torre}, S. and {Franzetti}, P. and {Garilli}, B. and {Lamareille}, F. and {Le Borgne}, J.-F. and {Le Brun}, V. and {Mignoli}, M. and {Perez Montero}, E. and {Pello}, R. and {Ricciardelli}, E. and {Tanaka}, M. and {Tresse}, L. and {Vergani}, D. and {Welikala}, N. and {Zucca}, E. and {Oesch}, P. and {Abbas}, U. and {Barnes}, L. and {Bordoloi}, R. and {Bottini}, D. and {Cappi}, A. and {Cassata}, P. and {Cimatti}, A. and {Fumana}, M. and {Hasinger}, G. and {Koekemoer}, A. and {Leauthaud}, A. and {Maccagni}, D. and {Marinoni}, C. and {McCracken}, H. and {Memeo}, P. and {Meneux}, B. and {Nair}, P. and {Porciani}, C. and {Presotto}, V. and {Scaramella}, R.},
	Date-Added = {2017-05-17 18:48:32 +0000},
	Date-Modified = {2017-05-17 18:48:32 +0000},
	Doi = {10.1088/0004-637X/721/1/193},
	Eprint = {1003.4747},
	Journal = {\apj},
	Keywords = {cosmology: observations, galaxies: active, galaxies: distances and redshifts, galaxies: evolution},
	Month = sep,
	Pages = {193-221},
	Primaryclass = {astro-ph.CO},
	Title = {{Mass and Environment as Drivers of Galaxy Evolution in SDSS and zCOSMOS and the Origin of the Schechter Function}},
	Volume = 721,
	Year = 2010,
	Bdsk-Url-1 = {http://dx.doi.org/10.1088/0004-637X/721/1/193}}

@article{Mok:2014aa,
	Adsnote = {Provided by the SAO/NASA Astrophysics Data System},
	Adsurl = {http://adsabs.harvard.edu/abs/2014MNRAS.438.3070M},
	Archiveprefix = {arXiv},
	Author = {{Mok}, A. and {Balogh}, M.~L. and {McGee}, S.~L. and {Wilman}, D.~J. and {Finoguenov}, A. and {Tanaka}, M. and {Bower}, R.~G. and {Hou}, A. and {Mulchaey}, J.~S. and {Parker}, L.~C.},
	Date-Added = {2017-05-15 22:39:30 +0000},
	Date-Modified = {2017-05-15 22:39:30 +0000},
	Doi = {10.1093/mnras/stt2419},
	Eprint = {1312.4418},
	Journal = {\mnras},
	Keywords = {galaxies: evolution, galaxies: general},
	Month = mar,
	Pages = {3070-3085},
	Title = {{Star formation and environmental quenching of GEEC2 group galaxies at z {\tilde} 1}},
	Volume = 438,
	Year = 2014,
	Bdsk-Url-1 = {http://dx.doi.org/10.1093/mnras/stt2419}}

@article{McGee:2011aa,
	Adsnote = {Provided by the SAO/NASA Astrophysics Data System},
	Adsurl = {http://adsabs.harvard.edu/abs/2011MNRAS.413..996M},
	Archiveprefix = {arXiv},
	Author = {{McGee}, S.~L. and {Balogh}, M.~L. and {Wilman}, D.~J. and {Bower}, R.~G. and {Mulchaey}, J.~S. and {Parker}, L.~C. and {Oemler}, A.},
	Date-Added = {2017-05-15 22:38:39 +0000},
	Date-Modified = {2017-05-15 22:38:39 +0000},
	Doi = {10.1111/j.1365-2966.2010.18189.x},
	Eprint = {1012.2388},
	Journal = {\mnras},
	Keywords = {galaxies: clusters: general, galaxies: evolution, galaxies: groups: general, galaxies: star formation},
	Month = may,
	Pages = {996-1012},
	Title = {{The Dawn of the Red: star formation histories of group galaxies over the past 5 billion years}},
	Volume = 413,
	Year = 2011,
	Bdsk-Url-1 = {http://dx.doi.org/10.1111/j.1365-2966.2010.18189.x}}

@article{Nantais:2017aa,
	Adsnote = {Provided by the SAO/NASA Astrophysics Data System},
	Adsurl = {http://adsabs.harvard.edu/abs/2017MNRAS.465L.104N},
	Archiveprefix = {arXiv},
	Author = {{Nantais}, J.~B. and {Muzzin}, A. and {van der Burg}, R.~F.~J. and {Wilson}, G. and {Lidman}, C. and {Foltz}, R. and {DeGroot}, A. and {Noble}, A. and {Cooper}, M.~C. and {Demarco}, R.},
	Date-Added = {2017-05-15 22:35:53 +0000},
	Date-Modified = {2017-05-15 22:35:53 +0000},
	Doi = {10.1093/mnrasl/slw224},
	Eprint = {1610.08058},
	Journal = {\mnras},
	Keywords = {galaxies: clusters: general, galaxies: evolution},
	Month = feb,
	Pages = {L104-L108},
	Title = {{Evidence for strong evolution in galaxy environmental quenching efficiency between z = 1.6 and z = 0.9}},
	Volume = 465,
	Year = 2017,
	Bdsk-Url-1 = {http://dx.doi.org/10.1093/mnrasl/slw224}}

@article{van-der-Burg:2013zn,
	Adsnote = {Provided by the SAO/NASA Astrophysics Data System},
	Adsurl = {http://adsabs.harvard.edu/abs/2013A%26A...557A..15V},
	Archiveprefix = {arXiv},
	Author = {{van der Burg}, R.~F.~J. and {Muzzin}, A. and {Hoekstra}, H. and {Lidman}, C. and {Rettura}, A. and {Wilson}, G. and {Yee}, H.~K.~C. and {Hildebrandt}, H. and {Marchesini}, D. and {Stefanon}, M. and {Demarco}, R. and {Kuijken}, K.},
	Date-Added = {2017-05-15 22:29:34 +0000},
	Date-Modified = {2017-05-15 22:29:34 +0000},
	Doi = {10.1051/0004-6361/201321237},
	Eid = {A15},
	Eprint = {1304.5525},
	Journal = {\aap},
	Keywords = {galaxies: clusters: general, galaxies: luminosity function, mass function, galaxies: evolution, galaxies: photometry},
	Month = sep,
	Pages = {A15},
	Primaryclass = {astro-ph.CO},
	Title = {{The environmental dependence of the stellar mass function at z \~{} 1. Comparing cluster and field between the GCLASS and UltraVISTA surveys}},
	Volume = 557,
	Year = 2013,
	Bdsk-Url-1 = {http://dx.doi.org/10.1051/0004-6361/201321237}}

@article{Wetzel:2013aa,
	Adsnote = {Provided by the SAO/NASA Astrophysics Data System},
	Adsurl = {http://adsabs.harvard.edu/abs/2013MNRAS.432..336W},
	Archiveprefix = {arXiv},
	Author = {{Wetzel}, A.~R. and {Tinker}, J.~L. and {Conroy}, C. and {van den Bosch}, F.~C.},
	Date-Added = {2017-05-15 21:54:48 +0000},
	Date-Modified = {2017-05-15 21:54:48 +0000},
	Doi = {10.1093/mnras/stt469},
	Eprint = {1206.3571},
	Journal = {\mnras},
	Keywords = {methods: numerical, galaxies: clusters: general, galaxies: evolution, galaxies: groups: general, galaxies: haloes, galaxies: star formation},
	Month = jun,
	Pages = {336-358},
	Title = {{Galaxy evolution in groups and clusters: satellite star formation histories and quenching time-scales in a hierarchical Universe}},
	Volume = 432,
	Year = 2013,
	Bdsk-Url-1 = {http://dx.doi.org/10.1093/mnras/stt469}}

@article{McGee:2014aa,
	Adsnote = {Provided by the SAO/NASA Astrophysics Data System},
	Adsurl = {http://adsabs.harvard.edu/abs/2014MNRAS.442L.105M},
	Archiveprefix = {arXiv},
	Author = {{McGee}, S.~L. and {Bower}, R.~G. and {Balogh}, M.~L.},
	Date-Added = {2017-05-12 23:30:58 +0000},
	Date-Modified = {2017-05-12 23:30:58 +0000},
	Doi = {10.1093/mnrasl/slu066},
	Eprint = {1404.6251},
	Journal = {\mnras},
	Keywords = {galaxies: clusters: general, galaxies: evolution, galaxies: formation, galaxies: groups: general},
	Month = jul,
	Pages = {L105-L109},
	Title = {{Overconsumption, outflows and the quenching of satellite galaxies}},
	Volume = 442,
	Year = 2014,
	Bdsk-Url-1 = {http://dx.doi.org/10.1093/mnrasl/slu066}}

@article{Yuan:2015aa,
	Adsnote = {Provided by the SAO/NASA Astrophysics Data System},
	Adsurl = {http://adsabs.harvard.edu/abs/2015ATel.8464....1Y},
	Author = {{Yuan}, F. and {Tucker}, B.~E. and {Lidman}, C. and {Martini}, P. and {Gshwend}, J. and {Moller}, A. and {Zhang}, B. and {Smith}, R.~C. and {Schubnell}, M. and {Kessler}, R. and {Lasker}, J. and {Scolnic}, D. and {Brout}, D.~J. and {Gladney}, L. and {Sako}, M. and {Wolf}, R.~C. and {Brown}, P.~J. and {Krisciunas}, K. and {Suntzeff}, N. and {Nichol}, R. and {Papadopoulos}, A. and {Childress}, M. and {D'Andrea}, C. and {Smith}, M. and {Sullivan}, M. and {Maartens}, R. and {Gupta}, R. and {Kovacs}, E. and {Kuhlmann}, S. and {Spinka}, H. and {Ahn}, E. and {Finley}, D.~A. and {Frieman}, J. and {Marriner}, J. and {Wester}, W. and {Aldering}, G. and {Kim}, A.~G. and {Thomas}, R.~C. and {Barbary}, K. and {Bloom}, J.~S. and {Goldstein}, D. and {Nugent}, P. and {Perlmutter}, S. and {Foley}, R.~J. and {Pan}, Y.-C. and {Casas}, R. and {Castander}, F.~J. and {Desai}, S. and {Paech}, K.},
	Date-Added = {2017-05-09 23:12:02 +0000},
	Date-Modified = {2017-05-09 23:12:02 +0000},
	Journal = {The Astronomer's Telegram},
	Keywords = {Supernovae},
	Month = dec,
	Title = {{Classification of 15 DES supernovae by OzDES}},
	Volume = 8464,
	Year = 2015}

@article{Lacey:1993aa,
	Adsnote = {Provided by the SAO/NASA Astrophysics Data System},
	Adsurl = {http://adsabs.harvard.edu/abs/1993MNRAS.262..627L},
	Author = {{Lacey}, C. and {Cole}, S.},
	Date-Added = {2017-05-08 19:11:11 +0000},
	Date-Modified = {2017-05-08 19:11:11 +0000},
	Doi = {10.1093/mnras/262.3.627},
	Journal = {\mnras},
	Keywords = {Astronomical Models, Galactic Evolution, Galactic Halos, Interacting Galaxies, Baryons, Dark Matter, Gravitational Effects, Monte Carlo Method},
	Month = jun,
	Pages = {627-649},
	Title = {{Merger rates in hierarchical models of galaxy formation}},
	Volume = 262,
	Year = 1993,
	Bdsk-Url-1 = {http://dx.doi.org/10.1093/mnras/262.3.627}}

@article{Muzzin:2012dw,
	Adsnote = {Provided by the SAO/NASA Astrophysics Data System},
	Adsurl = {http://adsabs.harvard.edu/abs/2012ApJ...746..188M},
	Archiveprefix = {arXiv},
	Author = {{Muzzin}, A. and {Wilson}, G. and {Yee}, H.~K.~C. and {Gilbank}, D. and {Hoekstra}, H. and {Demarco}, R. and {Balogh}, M. and {van Dokkum}, P. and {Franx}, M. and {Ellingson}, E. and {Hicks}, A. and {Nantais}, J. and {Noble}, A. and {Lacy}, M. and {Lidman}, C. and {Rettura}, A. and {Surace}, J. and {Webb}, T.},
	Date-Added = {2017-05-04 20:33:03 +0000},
	Date-Modified = {2017-05-04 20:33:03 +0000},
	Doi = {10.1088/0004-637X/746/2/188},
	Eid = {188},
	Eprint = {1112.3655},
	Journal = {\apj},
	Keywords = {galaxies: clusters: general, galaxies: evolution, galaxies: formation, galaxies: high-redshift},
	Month = feb,
	Pages = {188},
	Primaryclass = {astro-ph.CO},
	Title = {{The Gemini Cluster Astrophysics Spectroscopic Survey (GCLASS): The Role of Environment and Self-regulation in Galaxy Evolution at z \~{} 1}},
	Volume = 746,
	Year = 2012,
	Bdsk-Url-1 = {http://dx.doi.org/10.1088/0004-637X/746/2/188}}

@article{Muzzin:2014aa,
	Adsnote = {Provided by the SAO/NASA Astrophysics Data System},
	Adsurl = {http://adsabs.harvard.edu/abs/2014ApJ...796...65M},
	Archiveprefix = {arXiv},
	Author = {{Muzzin}, A. and {van der Burg}, R.~F.~J. and {McGee}, S.~L. and {Balogh}, M. and {Franx}, M. and {Hoekstra}, H. and {Hudson}, M.~J. and {Noble}, A. and {Taranu}, D.~S. and {Webb}, T. and {Wilson}, G. and {Yee}, H.~K.~C.},
	Date-Added = {2017-05-04 19:54:34 +0000},
	Date-Modified = {2017-05-04 19:54:34 +0000},
	Doi = {10.1088/0004-637X/796/1/65},
	Eid = {65},
	Eprint = {1402.7077},
	Journal = {\apj},
	Keywords = {galaxies: clusters: general, galaxies: evolution, galaxies: formation, galaxies: high-redshift},
	Month = nov,
	Pages = {65},
	Title = {{The Phase Space and Stellar Populations of Cluster Galaxies at z \~{} 1: Simultaneous Constraints on the Location and Timescale of Satellite Quenching}},
	Volume = 796,
	Year = 2014,
	Bdsk-Url-1 = {http://dx.doi.org/10.1088/0004-637X/796/1/65}}

@article{Fakhouri:2010aa,
	Adsnote = {Provided by the SAO/NASA Astrophysics Data System},
	Adsurl = {http://adsabs.harvard.edu/abs/2010MNRAS.406.2267F},
	Archiveprefix = {arXiv},
	Author = {{Fakhouri}, O. and {Ma}, C.-P. and {Boylan-Kolchin}, M.},
	Date-Added = {2017-04-27 22:23:22 +0000},
	Date-Modified = {2017-04-27 22:23:22 +0000},
	Doi = {10.1111/j.1365-2966.2010.16859.x},
	Eprint = {1001.2304},
	Journal = {\mnras},
	Keywords = {galaxies: formation, cosmology: theory, dark matter, large-scale structure of Universe},
	Month = aug,
	Pages = {2267-2278},
	Primaryclass = {astro-ph.CO},
	Title = {{The merger rates and mass assembly histories of dark matter haloes in the two Millennium simulations}},
	Volume = 406,
	Year = 2010,
	Bdsk-Url-1 = {http://dx.doi.org/10.1111/j.1365-2966.2010.16859.x}}

@inproceedings{swarp,
	Adsnote = {Provided by the SAO/NASA Astrophysics Data System},
	Adsurl = {http://adsabs.harvard.edu/abs/2002ASPC..281..228B},
	Author = {{Bertin}, E. and {Mellier}, Y. and {Radovich}, M. and {Missonnier}, G. and {Didelon}, P. and {Morin}, B.},
	Booktitle = {Astronomical Data Analysis Software and Systems XI},
	Date-Added = {2016-11-15 21:56:42 +0000},
	Date-Modified = {2016-11-15 21:56:54 +0000},
	Editor = {{Bohlender}, D.~A. and {Durand}, D. and {Handley}, T.~H.},
	Keywords = {astronomy: optical, astronomy: software, pipelines: data reduction, software: package, software: development, software: data analysis, data analysis, databases, distributed processing},
	Pages = {228},
	Series = {Astronomical Society of the Pacific Conference Series},
	Title = {{The TERAPIX Pipeline}},
	Volume = 281,
	Year = 2002}

@article{sextractor,
	Adsnote = {Provided by the SAO/NASA Astrophysics Data System},
	Adsurl = {http://adsabs.harvard.edu/abs/1996A%26AS..117..393B},
	Author = {{Bertin}, E. and {Arnouts}, S.},
	Date-Added = {2016-11-15 21:56:02 +0000},
	Date-Modified = {2016-11-15 21:56:11 +0000},
	Doi = {10.1051/aas:1996164},
	Journal = {\aaps},
	Keywords = {METHODS: DATA ANALYSIS, TECHNIQUES: IMAGE PROCESSING, GALAXIES: PHOTOMETRY},
	Month = jun,
	Pages = {393-404},
	Title = {{SExtractor: Software for source extraction.}},
	Volume = 117,
	Year = 1996,
	Bdsk-Url-1 = {http://dx.doi.org/10.1051/aas:1996164}}

@article{Muzzin:2009jm,
	Adsnote = {Provided by the SAO/NASA Astrophysics Data System},
	Adsurl = {http://adsabs.harvard.edu/abs/2009ApJ...698.1934M},
	Archiveprefix = {arXiv},
	Author = {{Muzzin}, A. and {Wilson}, G. and {Yee}, H.~K.~C. and {Hoekstra}, H. and {Gilbank}, D. and {Surace}, J. and {Lacy}, M. and {Blindert}, K. and {Majumdar}, S. and {Demarco}, R. and {Gardner}, J.~P. and {Gladders}, M. and {Lonsdale}, C.},
	Date-Added = {2016-09-23 01:12:27 +0000},
	Date-Modified = {2016-09-23 01:12:27 +0000},
	Doi = {10.1088/0004-637X/698/2/1934},
	Eprint = {0810.0005},
	Journal = {\apj},
	Keywords = {infrared: galaxies},
	Month = jun,
	Pages = {1934-1942},
	Title = {{Spectroscopic Confirmation of Two Massive Red-Sequence-Selected Galaxy Clusters at z \~{} 1.2 in the SpARCS-North Cluster Survey}},
	Volume = 698,
	Year = 2009,
	Bdsk-Url-1 = {http://dx.doi.org/10.1088/0004-637X/698/2/1934}}

@article{Wilson:2009ws,
	Adsnote = {Provided by the SAO/NASA Astrophysics Data System},
	Adsurl = {http://adsabs.harvard.edu/abs/2009ApJ...698.1943W},
	Archiveprefix = {arXiv},
	Author = {{Wilson}, G. and {Muzzin}, A. and {Yee}, H.~K.~C. and {Lacy}, M. and {Surace}, J. and {Gilbank}, D. and {Blindert}, K. and {Hoekstra}, H. and {Majumdar}, S. and {Demarco}, R. and {Gardner}, J.~P. and {Gladders}, M.~D. and {Lonsdale}, C.},
	Date-Added = {2016-09-23 01:12:21 +0000},
	Date-Modified = {2016-09-23 01:12:21 +0000},
	Doi = {10.1088/0004-637X/698/2/1943},
	Eprint = {0810.0036},
	Journal = {\apj},
	Keywords = {cosmology: observations, galaxies: clusters: general, galaxies: high-redshift, infrared: galaxies, surveys},
	Month = jun,
	Pages = {1943-1950},
	Title = {{Spectroscopic Confirmation of a Massive Red-Sequence-Selected Galaxy Cluster at z = 1.34 in the SpARCS-South Cluster Survey}},
	Volume = 698,
	Year = 2009,
	Bdsk-Url-1 = {http://dx.doi.org/10.1088/0004-637X/698/2/1943}}

@article{Lonsdale:2003ow,
	Adsnote = {Provided by the SAO/NASA Astrophysics Data System},
	Adsurl = {http://adsabs.harvard.edu/abs/2003PASP..115..897L},
	Author = {{Lonsdale}, C.~J. and {Smith}, H.~E. and {Rowan-Robinson}, M. and {Surace}, J. and {Shupe}, D. and {Xu}, C. and {Oliver}, S. and {Padgett}, D. and {Fang}, F. and {Conrow}, T. and {Franceschini}, A. and {Gautier}, N. and {Griffin}, M. and {Hacking}, P. and {Masci}, F. and {Morrison}, G. and {O'Linger}, J. and {Owen}, F. and {P{\'e}rez-Fournon}, I. and {Pierre}, M. and {Puetter}, R. and {Stacey}, G. and {Castro}, S. and {Polletta}, M.~d.~C. and {Farrah}, D. and {Jarrett}, T. and {Frayer}, D. and {Siana}, B. and {Babbedge}, T. and {Dye}, S. and {Fox}, M. and {Gonzalez-Solares}, E. and {Salaman}, M. and {Berta}, S. and {Condon}, J.~J. and {Dole}, H. and {Serjeant}, S.},
	Date-Added = {2016-09-23 01:09:46 +0000},
	Date-Modified = {2016-09-23 01:09:46 +0000},
	Doi = {10.1086/376850},
	Eprint = {astro-ph/0305375},
	Journal = {\pasp},
	Keywords = {Surveys, Galaxies: Evolution, Galaxies: Active, Cosmology: Large-Scale Structure of Universe, infrared: galaxies},
	Month = aug,
	Pages = {897-927},
	Title = {{SWIRE: The SIRTF Wide-Area Infrared Extragalactic Survey}},
	Volume = 115,
	Year = 2003,
	Bdsk-Url-1 = {http://dx.doi.org/10.1086/376850}}

@article{Strazzullo:2013aa,
	Adsnote = {Provided by the SAO/NASA Astrophysics Data System},
	Adsurl = {http://adsabs.harvard.edu/abs/2013ApJ...772..118S},
	Archiveprefix = {arXiv},
	Author = {{Strazzullo}, V. and {Gobat}, R. and {Daddi}, E. and {Onodera}, M. and {Carollo}, M. and {Dickinson}, M. and {Renzini}, A. and {Arimoto}, N. and {Cimatti}, A. and {Finoguenov}, A. and {Chary}, R.-R.},
	Date-Added = {2016-09-23 01:08:52 +0000},
	Date-Modified = {2016-09-23 01:08:52 +0000},
	Doi = {10.1088/0004-637X/772/2/118},
	Eid = {118},
	Eprint = {1305.3577},
	Journal = {\apj},
	Keywords = {galaxies: clusters: individual: Cl J1449+0856, galaxies: evolution, galaxies: high-redshift, galaxies: stellar content, galaxies: structure},
	Month = aug,
	Pages = {118},
	Primaryclass = {astro-ph.CO},
	Title = {{Galaxy Evolution in Overdense Environments at High Redshift: Passive Early-type Galaxies in a Cluster at z \~{} 2}},
	Volume = 772,
	Year = 2013,
	Bdsk-Url-1 = {http://dx.doi.org/10.1088/0004-637X/772/2/118}}

@article{muzzin2013,
	Adsnote = {Provided by the SAO/NASA Astrophysics Data System},
	Adsurl = {http://adsabs.harvard.edu/abs/2013ApJS..206....8M},
	Archiveprefix = {arXiv},
	Author = {{Muzzin}, A. and {Marchesini}, D. and {Stefanon}, M. and {Franx}, M. and {Milvang-Jensen}, B. and {Dunlop}, J.~S. and {Fynbo}, J.~P.~U. and {Brammer}, G. and {Labb{\'e}}, I. and {van Dokkum}, P.},
	Date-Added = {2016-09-23 01:08:43 +0000},
	Date-Modified = {2016-09-23 01:08:43 +0000},
	Doi = {10.1088/0067-0049/206/1/8},
	Eid = {8},
	Eprint = {1303.4410},
	Journal = {\apjs},
	Keywords = {galaxies: evolution, galaxies: fundamental parameters, galaxies: high-redshift, infrared: galaxies},
	Month = may,
	Pages = {8},
	Primaryclass = {astro-ph.CO},
	Title = {{A Public K$_{s}$ -selected Catalog in the COSMOS/ULTRAVISTA Field: Photometry, Photometric Redshifts, and Stellar Population Parameters}},
	Volume = 206,
	Year = 2013,
	Bdsk-Url-1 = {http://dx.doi.org/10.1088/0067-0049/206/1/8}}

@article{Whitaker:2013rz,
	Adsnote = {Provided by the SAO/NASA Astrophysics Data System},
	Adsurl = {http://adsabs.harvard.edu/abs/2013ApJ...770L..39W},
	Archiveprefix = {arXiv},
	Author = {{Whitaker}, K.~E. and {van Dokkum}, P.~G. and {Brammer}, G. and {Momcheva}, I.~G. and {Skelton}, R. and {Franx}, M. and {Kriek}, M. and {Labb{\'e}}, I. and {Fumagalli}, M. and {Lundgren}, B.~F. and {Nelson}, E.~J. and {Patel}, S.~G. and {Rix}, H.-W.},
	Date-Added = {2016-09-23 01:08:31 +0000},
	Date-Modified = {2016-09-23 01:08:31 +0000},
	Doi = {10.1088/2041-8205/770/2/L39},
	Eid = {L39},
	Eprint = {1305.1943},
	Journal = {\apjl},
	Keywords = {galaxies: evolution, galaxies: formation, galaxies: high-redshift},
	Month = jun,
	Pages = {L39},
	Primaryclass = {astro-ph.CO},
	Title = {{Quiescent Galaxies in the 3D-HST Survey: Spectroscopic Confirmation of a Large Number of Galaxies with Relatively Old Stellar Populations at z \~{} 2}},
	Volume = 770,
	Year = 2013,
	Bdsk-Url-1 = {http://dx.doi.org/10.1088/2041-8205/770/2/L39}}

@article{Patel:2012ab,
	Adsnote = {Provided by the SAO/NASA Astrophysics Data System},
	Adsurl = {http://adsabs.harvard.edu/abs/2012ApJ...748L..27P},
	Archiveprefix = {arXiv},
	Author = {{Patel}, S.~G. and {Holden}, B.~P. and {Kelson}, D.~D. and {Franx}, M. and {van der Wel}, A. and {Illingworth}, G.~D.},
	Date-Added = {2016-09-23 01:08:11 +0000},
	Date-Modified = {2016-09-23 01:08:11 +0000},
	Doi = {10.1088/2041-8205/748/2/L27},
	Eid = {L27},
	Eprint = {1107.3147},
	Journal = {\apjl},
	Keywords = {galaxies: evolution, galaxies: formation, galaxies: structure},
	Month = apr,
	Pages = {L27},
	Primaryclass = {astro-ph.CO},
	Title = {{The UVJ Selection of Quiescent and Star-forming Galaxies: Separating Early- and Late-type Galaxies and Isolating Edge-on Spirals}},
	Volume = 748,
	Year = 2012,
	Bdsk-Url-1 = {http://dx.doi.org/10.1088/2041-8205/748/2/L27}}

@article{Whitaker:2011aa,
	Adsnote = {Provided by the SAO/NASA Astrophysics Data System},
	Adsurl = {http://adsabs.harvard.edu/abs/2011ApJ...735...86W},
	Archiveprefix = {arXiv},
	Author = {{Whitaker}, K.~E. and {Labb{\'e}}, I. and {van Dokkum}, P.~G. and {Brammer}, G. and {Kriek}, M. and {Marchesini}, D. and {Quadri}, R.~F. and {Franx}, M. and {Muzzin}, A. and {Williams}, R.~J. and {Bezanson}, R. and {Illingworth}, G.~D. and {Lee}, K.-S. and {Lundgren}, B. and {Nelson}, E.~J. and {Rudnick}, G. and {Tal}, T. and {Wake}, D.~A.},
	Date-Added = {2016-09-23 01:07:53 +0000},
	Date-Modified = {2016-09-23 01:07:53 +0000},
	Doi = {10.1088/0004-637X/735/2/86},
	Eid = {86},
	Eprint = {1105.4609},
	Journal = {\apj},
	Keywords = {catalogs, galaxies: distances and redshifts, galaxies: high-redshift, surveys},
	Month = jul,
	Pages = {86},
	Primaryclass = {astro-ph.CO},
	Title = {{The NEWFIRM Medium-band Survey: Photometric Catalogs, Redshifts, and the Bimodal Color Distribution of Galaxies out to z \~{} 3}},
	Volume = 735,
	Year = 2011,
	Bdsk-Url-1 = {http://dx.doi.org/10.1088/0004-637X/735/2/86}}

@article{Wuyts:2007aa,
	Adsnote = {Provided by the SAO/NASA Astrophysics Data System},
	Adsurl = {http://adsabs.harvard.edu/abs/2007ApJ...655...51W},
	Author = {{Wuyts}, S. and {Labb{\'e}}, I. and {Franx}, M. and {Rudnick}, G. and {van Dokkum}, P.~G. and {Fazio}, G.~G. and {F{\"o}rster Schreiber}, N.~M. and {Huang}, J. and {Moorwood}, A.~F.~M. and {Rix}, H.-W. and {R{\"o}ttgering}, H. and {van der Werf}, P.},
	Date-Added = {2016-09-23 01:07:08 +0000},
	Date-Modified = {2016-09-23 01:07:08 +0000},
	Doi = {10.1086/509708},
	Eprint = {astro-ph/0609548},
	Journal = {\apj},
	Keywords = {Galaxies: Evolution, Galaxies: High-Redshift, Infrared: Galaxies},
	Month = jan,
	Pages = {51-65},
	Title = {{What Do We Learn from IRAC Observations of Galaxies at 2 {\lt} z {\lt} 3.5?}},
	Volume = 655,
	Year = 2007,
	Bdsk-Url-1 = {http://dx.doi.org/10.1086/509708}}

@article{1998ApJ...500..525S,
	Adsnote = {Provided by the SAO/NASA Astrophysics Data System},
	Adsurl = {http://adsabs.harvard.edu/abs/1998ApJ...500..525S},
	Author = {{Schlegel}, D.~J. and {Finkbeiner}, D.~P. and {Davis}, M.},
	Date-Added = {2016-09-23 00:06:19 +0000},
	Date-Modified = {2016-09-23 00:06:19 +0000},
	Doi = {10.1086/305772},
	Eprint = {astro-ph/9710327},
	Journal = {\apj},
	Keywords = {COSMOLOGY: DIFFUSE RADIATION, COSMOLOGY: COSMIC MICROWAVE BACKGROUND, ISM: DUST, EXTINCTION, INTERPLANETARY MEDIUM, INFRARED: ISM: CONTINUUM, Cosmology: Cosmic Microwave Background, Cosmology: Diffuse Radiation, ISM: Dust, Extinction, Infrared: ISM: Continuum, Interplanetary Medium},
	Month = jun,
	Pages = {525-553},
	Title = {{Maps of Dust Infrared Emission for Use in Estimation of Reddening and Cosmic Microwave Background Radiation Foregrounds}},
	Volume = 500,
	Year = 1998,
	Bdsk-Url-1 = {http://dx.doi.org/10.1086/305772}}

@article{2011ApJ...737..103S,
	Adsnote = {Provided by the SAO/NASA Astrophysics Data System},
	Adsurl = {http://adsabs.harvard.edu/abs/2011ApJ...737..103S},
	Archiveprefix = {arXiv},
	Author = {{Schlafly}, E.~F. and {Finkbeiner}, D.~P.},
	Date-Added = {2016-09-23 00:03:56 +0000},
	Date-Modified = {2016-09-23 00:03:56 +0000},
	Doi = {10.1088/0004-637X/737/2/103},
	Eid = {103},
	Eprint = {1012.4804},
	Journal = {\apj},
	Keywords = {dust, extinction, Galaxy: stellar content, ISM: clouds},
	Month = aug,
	Pages = {103},
	Primaryclass = {astro-ph.GA},
	Title = {{Measuring Reddening with Sloan Digital Sky Survey Stellar Spectra and Recalibrating SFD}},
	Volume = 737,
	Year = 2011,
	Bdsk-Url-1 = {http://dx.doi.org/10.1088/0004-637X/737/2/103}}

@article{2013A&A...556A.112N,
	Adsnote = {Provided by the SAO/NASA Astrophysics Data System},
	Adsurl = {http://adsabs.harvard.edu/abs/2013A%26A...556A.112N},
	Archiveprefix = {arXiv},
	Author = {{Nantais}, J.~B. and {Rettura}, A. and {Lidman}, C. and {Demarco}, R. and {Gobat}, R. and {Rosati}, P. and {Jee}, M.~J.},
	Date-Added = {2016-09-21 21:06:04 +0000},
	Date-Modified = {2016-09-21 21:06:04 +0000},
	Doi = {10.1051/0004-6361/201321877},
	Eid = {A112},
	Eprint = {1306.3431},
	Journal = {\aap},
	Keywords = {galaxies: clusters: individual: RX J0152.7-1357, galaxies: clusters: individual: RDCS J1252.9-2927, galaxies: evolution, galaxies: clusters: general},
	Month = aug,
	Pages = {A112},
	Title = {{Star-forming fractions and galaxy evolution with redshift in rich X-ray-selected galaxy clusters}},
	Volume = 556,
	Year = 2013,
	Bdsk-Url-1 = {http://dx.doi.org/10.1051/0004-6361/201321877}}

@article{Nantais:2016aa,
	Adsnote = {Provided by the SAO/NASA Astrophysics Data System},
	Adsurl = {http://adsabs.harvard.edu/abs/2016A%26A...592A.161N},
	Archiveprefix = {arXiv},
	Author = {{Nantais}, J.~B. and {van der Burg}, R.~F.~J. and {Lidman}, C. and {Demarco}, R. and {Noble}, A. and {Wilson}, G. and {Muzzin}, A. and {Foltz}, R. and {DeGroot}, A. and {Cooper}, M.~C.},
	Date-Added = {2016-09-21 21:03:39 +0000},
	Date-Modified = {2016-09-21 21:03:39 +0000},
	Doi = {10.1051/0004-6361/201628663},
	Eid = {A161},
	Eprint = {1606.07832},
	Journal = {\aap},
	Keywords = {galaxies: clusters: general, galaxies: evolution},
	Month = aug,
	Pages = {A161},
	Title = {{Stellar mass function of cluster galaxies at z \~{} 1.5: evidence for reduced quenching efficiency at high redshift}},
	Volume = 592,
	Year = 2016,
	Bdsk-Url-1 = {http://dx.doi.org/10.1051/0004-6361/201628663}}

@article{Muzzin:2013aa,
	Adsnote = {Provided by the SAO/NASA Astrophysics Data System},
	Adsurl = {http://adsabs.harvard.edu/abs/2013ApJ...767...39M},
	Archiveprefix = {arXiv},
	Author = {{Muzzin}, A. and {Wilson}, G. and {Demarco}, R. and {Lidman}, C. and {Nantais}, J. and {Hoekstra}, H. and {Yee}, H.~K.~C. and {Rettura}, A.},
	Date-Added = {2016-09-21 18:17:06 +0000},
	Date-Modified = {2016-09-21 18:17:06 +0000},
	Doi = {10.1088/0004-637X/767/1/39},
	Eid = {39},
	Eprint = {1301.5905},
	Journal = {\apj},
	Keywords = {galaxies: clusters: general, galaxies: high-redshift, infrared: galaxies, large-scale structure of universe},
	Month = apr,
	Pages = {39},
	Title = {{Discovery of a Rich Cluster at z = 1.63 Using the Rest-frame 1.6 {$\mu$}m ''Stellar Bump Sequence'' Method}},
	Volume = 767,
	Year = 2013,
	Bdsk-Url-1 = {http://dx.doi.org/10.1088/0004-637X/767/1/39}}

@article{Foltz:2015aa,
	Adsnote = {Provided by the SAO/NASA Astrophysics Data System},
	Adsurl = {http://adsabs.harvard.edu/abs/2015ApJ...812..138F},
	Archiveprefix = {arXiv},
	Author = {{Foltz}, R. and {Rettura}, A. and {Wilson}, G. and {van der Burg}, R.~F.~J. and {Muzzin}, A. and {Lidman}, C. and {Demarco}, R. and {Nantais}, J. and {DeGroot}, A. and {Yee}, H.},
	Date-Added = {2016-09-06 21:24:51 +0000},
	Date-Modified = {2016-09-06 21:24:51 +0000},
	Doi = {10.1088/0004-637X/812/2/138},
	Eid = {138},
	Eprint = {1510.00104},
	Journal = {\apj},
	Keywords = {galaxies: clusters: general, galaxies: elliptical and lenticular, cD, galaxies: evolution, galaxies: formation, galaxies: stellar content},
	Month = oct,
	Pages = {138},
	Title = {{Evidence for the Universality of Properties of Red-sequence Galaxies in X-Ray- and Red-Sequence-Selected Clusters at z \~{} 1}},
	Volume = 812,
	Year = 2015,
	Bdsk-Url-1 = {http://dx.doi.org/10.1088/0004-637X/812/2/138}}

@article{Calzetti:2001hh,
	Adsnote = {Provided by the SAO/NASA Astrophysics Data System},
	Adsurl = {http://adsabs.harvard.edu/abs/2001PASP..113.1449C},
	Author = {{Calzetti}, D.},
	Date-Added = {2016-09-06 00:12:10 +0000},
	Date-Modified = {2016-09-06 00:12:10 +0000},
	Doi = {10.1086/324269},
	Eprint = {astro-ph/0109035},
	Journal = {\pasp},
	Keywords = {ISM: Dust, Extinction, Galaxies: ISM, Galaxies: Starburst, infrared: galaxies, ultraviolet: galaxies},
	Month = dec,
	Pages = {1449-1485},
	Title = {{The Dust Opacity of Star-forming Galaxies}},
	Volume = 113,
	Year = 2001,
	Bdsk-Url-1 = {http://dx.doi.org/10.1086/324269}}

@article{Kriek:2009eq,
	Adsnote = {Provided by the SAO/NASA Astrophysics Data System},
	Adsurl = {http://adsabs.harvard.edu/abs/2009ApJ...700..221K},
	Archiveprefix = {arXiv},
	Author = {{Kriek}, M. and {van Dokkum}, P.~G. and {Labb{\'e}}, I. and {Franx}, M. and {Illingworth}, G.~D. and {Marchesini}, D. and {Quadri}, R.~F.},
	Date-Added = {2016-09-06 00:11:05 +0000},
	Date-Modified = {2016-09-06 00:11:05 +0000},
	Doi = {10.1088/0004-637X/700/1/221},
	Eprint = {0905.1692},
	Journal = {\apj},
	Keywords = {galaxies: evolution, galaxies: formation, galaxies: high-redshift},
	Month = jul,
	Pages = {221-231},
	Primaryclass = {astro-ph.CO},
	Title = {{An Ultra-Deep Near-Infrared Spectrum of a Compact Quiescent Galaxy at z = 2.2}},
	Volume = 700,
	Year = 2009,
	Bdsk-Url-1 = {http://dx.doi.org/10.1088/0004-637X/700/1/221}}

@article{Charlot:2000aa,
	Adsnote = {Provided by the SAO/NASA Astrophysics Data System},
	Adsurl = {http://adsabs.harvard.edu/abs/2000ApJ...539..718C},
	Author = {{Charlot}, S. and {Fall}, S.~M.},
	Date-Added = {2016-09-05 23:48:17 +0000},
	Date-Modified = {2016-09-05 23:48:17 +0000},
	Doi = {10.1086/309250},
	Eprint = {astro-ph/0003128},
	Journal = {\apj},
	Keywords = {ISM: Dust, Extinction, Galaxies: ISM, Galaxies: Starburst, Infrared: Galaxies, Ultraviolet: Galaxies},
	Month = aug,
	Pages = {718-731},
	Title = {{A Simple Model for the Absorption of Starlight by Dust in Galaxies}},
	Volume = 539,
	Year = 2000,
	Bdsk-Url-1 = {http://dx.doi.org/10.1086/309250}}

@article{chabrierimf,
	Adsnote = {Provided by the SAO/NASA Astrophysics Data System},
	Adsurl = {http://adsabs.harvard.edu/abs/2003ApJ...586L.133C},
	Author = {{Chabrier}, G.},
	Date-Added = {2016-09-05 23:23:44 +0000},
	Date-Modified = {2016-09-05 23:23:44 +0000},
	Doi = {10.1086/374879},
	Eprint = {astro-ph/0302511},
	Journal = {\apjl},
	Keywords = {Galaxy: Stellar Content, Stars: Low-Mass, Brown Dwarfs, Stars: Luminosity Function, Mass Function},
	Month = apr,
	Pages = {L133-L136},
	Title = {{The Galactic Disk Mass Function: Reconciliation of the Hubble Space Telescope and Nearby Determinations}},
	Volume = 586,
	Year = 2003,
	Bdsk-Url-1 = {http://dx.doi.org/10.1086/374879}}

@article{Bruzual:2003by,
	Adsnote = {Provided by the SAO/NASA Astrophysics Data System},
	Adsurl = {http://adsabs.harvard.edu/abs/2003MNRAS.344.1000B},
	Author = {{Bruzual}, G. and {Charlot}, S.},
	Date-Added = {2016-09-05 23:19:31 +0000},
	Date-Modified = {2016-09-05 23:19:31 +0000},
	Doi = {10.1046/j.1365-8711.2003.06897.x},
	Eprint = {arXiv:astro-ph/0309134},
	Journal = {\mnras},
	Keywords = {stars: evolution, galaxies: evolution, galaxies: formation, galaxies: stellar content},
	Month = oct,
	Pages = {1000-1028},
	Title = {{Stellar population synthesis at the resolution of 2003}},
	Volume = 344,
	Year = 2003,
	Bdsk-Url-1 = {http://dx.doi.org/10.1046/j.1365-8711.2003.06897.x}}

@article{Blanton:2007ft,
	Adsnote = {Provided by the SAO/NASA Astrophysics Data System},
	Adsurl = {http://adsabs.harvard.edu/abs/2007AJ....133..734B},
	Author = {{Blanton}, M.~R. and {Roweis}, S.},
	Date-Added = {2016-09-05 20:11:02 +0000},
	Date-Modified = {2016-09-05 20:11:02 +0000},
	Doi = {10.1086/510127},
	Eprint = {arXiv:astro-ph/0606170},
	Journal = {\aj},
	Keywords = {galaxies: fundamental parameters, galaxies: photometry, galaxies: statistics},
	Month = feb,
	Pages = {734-754},
	Title = {{K-Corrections and Filter Transformations in the Ultraviolet, Optical, and Near-Infrared}},
	Volume = 133,
	Year = 2007,
	Bdsk-Url-1 = {http://dx.doi.org/10.1086/510127}}

@article{Brammer:2008uk,
	Adsnote = {Provided by the SAO/NASA Astrophysics Data System},
	Adsurl = {http://adsabs.harvard.edu/abs/2008ApJ...686.1503B},
	Archiveprefix = {arXiv},
	Author = {{Brammer}, G.~B. and {van Dokkum}, P.~G. and {Coppi}, P.},
	Date-Added = {2016-09-05 20:10:59 +0000},
	Date-Modified = {2016-09-05 20:10:59 +0000},
	Doi = {10.1086/591786},
	Eprint = {0807.1533},
	Journal = {\apj},
	Keywords = {Cosmology: Observations, Galaxies: Evolution, Galaxies: Formation},
	Month = oct,
	Pages = {1503-1513},
	Title = {{EAZY: A Fast, Public Photometric Redshift Code}},
	Volume = 686,
	Year = 2008,
	Bdsk-Url-1 = {http://dx.doi.org/10.1086/591786}}

@article{Mei:2009wt,
	Adsnote = {Provided by the SAO/NASA Astrophysics Data System},
	Adsurl = {http://adsabs.harvard.edu/abs/2009ApJ...690...42M},
	Archiveprefix = {arXiv},
	Author = {{Mei}, S. and {Holden}, B.~P. and {Blakeslee}, J.~P. and {Ford}, H.~C. and {Franx}, M. and {Homeier}, N.~L. and {Illingworth}, G.~D. and {Jee}, M.~J. and {Overzier}, R. and {Postman}, M. and {Rosati}, P. and {Van der Wel}, A. and {Bartlett}, J.~G.},
	Date-Added = {2016-08-25 02:06:41 +0000},
	Date-Modified = {2016-08-25 02:06:41 +0000},
	Doi = {10.1088/0004-637X/690/1/42},
	Eprint = {0810.1917},
	Journal = {\apj},
	Keywords = {galaxies: clusters: general, galaxies: elliptical and lenticular, cD, galaxies: evolution},
	Month = jan,
	Pages = {42-68},
	Title = {{Evolution of the Color-Magnitude Relation in Galaxy Clusters at z \~{} 1 from the ACS Intermediate Redshift Cluster Survey}},
	Volume = 690,
	Year = 2009,
	Bdsk-Url-1 = {http://dx.doi.org/10.1088/0004-637X/690/1/42}}

@article{Ellis:1997lk,
	Adsnote = {Provided by the SAO/NASA Astrophysics Data System},
	Adsurl = {http://adsabs.harvard.edu/abs/1997ApJ...483..582E},
	Author = {{Ellis}, R.~S. and {Smail}, I. and {Dressler}, A. and {Couch}, W.~J. and {Oemler}, Jr., A. and {Butcher}, H. and {Sharples}, R.~M.},
	Date-Added = {2016-08-25 02:06:24 +0000},
	Date-Modified = {2016-08-25 02:06:24 +0000},
	Doi = {10.1086/304261},
	Eprint = {astro-ph/9607154},
	Journal = {\apj},
	Keywords = {COSMOLOGY: OBSERVATIONS, GALAXIES: CLUSTERS: GENERAL, GALAXIES: EVOLUTION, GALAXIES: PHOTOMETRY},
	Month = jul,
	Pages = {582},
	Title = {{The Homogeneity of Spheroidal Populations in Distant Clusters}},
	Volume = 483,
	Year = 1997,
	Bdsk-Url-1 = {http://dx.doi.org/10.1086/304261}}

@article{van-Dokkum:1998wd,
	Adsnote = {Provided by the SAO/NASA Astrophysics Data System},
	Adsurl = {http://adsabs.harvard.edu/abs/1998ApJ...500..714V},
	Author = {{van Dokkum}, P.~G. and {Franx}, M. and {Kelson}, D.~D. and {Illingworth}, G.~D. and {Fisher}, D. and {Fabricant}, D.},
	Date-Added = {2016-08-25 02:06:10 +0000},
	Date-Modified = {2016-08-25 02:06:10 +0000},
	Doi = {10.1086/305762},
	Eprint = {astro-ph/9801190},
	Journal = {\apj},
	Keywords = {GALAXIES: CLUSTERS: INDIVIDUAL ALPHANUMERIC: CL 1358+62, GALAXIES: ELLIPTICAL AND LENTICULAR, CD, GALAXIES: EVOLUTION, GALAXIES: PHOTOMETRY, GALAXIES: SPIRAL},
	Month = jun,
	Pages = {714},
	Title = {{The Color-Magnitude Relation in CL 1358+62 at Z = 0.33: Evidence for Significant Evolution in the S0 Population}},
	Volume = 500,
	Year = 1998,
	Bdsk-Url-1 = {http://dx.doi.org/10.1086/305762}}

@article{Bower:1992mb,
	Adsnote = {Provided by the SAO/NASA Astrophysics Data System},
	Adsurl = {http://adsabs.harvard.edu/abs/1992MNRAS.254..601B},
	Author = {{Bower}, R.~G. and {Lucey}, J.~R. and {Ellis}, R.~S.},
	Date-Added = {2016-08-25 02:05:56 +0000},
	Date-Modified = {2016-08-25 02:05:56 +0000},
	Journal = {\mnras},
	Month = feb,
	Pages = {601},
	Title = {{Precision Photometry of Early Type Galaxies in the Coma and Virgo Clusters - a Test of the Universality of the Colour / Magnitude Relation - Part Two - Analysis}},
	Volume = 254,
	Year = 1992}

@article{Williams:2009tt,
	Adsnote = {Provided by the SAO/NASA Astrophysics Data System},
	Adsurl = {http://adsabs.harvard.edu/abs/2009ApJ...691.1879W},
	Archiveprefix = {arXiv},
	Author = {{Williams}, R.~J. and {Quadri}, R.~F. and {Franx}, M. and {van Dokkum}, P. and {Labb{\'e}}, I.},
	Date-Added = {2016-08-24 23:33:58 +0000},
	Date-Modified = {2016-08-24 23:33:58 +0000},
	Doi = {10.1088/0004-637X/691/2/1879},
	Eprint = {0806.0625},
	Journal = {\apj},
	Keywords = {cosmology: observations, galaxies: evolution, galaxies: high-redshift, infrared: galaxies},
	Month = feb,
	Pages = {1879-1895},
	Title = {{Detection of Quiescent Galaxies in a Bicolor Sequence from Z = 0-2}},
	Volume = 691,
	Year = 2009,
	Bdsk-Url-1 = {http://dx.doi.org/10.1088/0004-637X/691/2/1879}}
